"id","Image","Product Name","Category","Tag","Product Information","Origin","Ingredients","Nutritional Content","Storage","Other Information","Buy Two Get","Price","Price Per Item","Compare Price","Pant","Status","Weight","Discount Price","Subcategory","Sub-subcategory"
"4","https://livsham2.softwarebyte.co/assets/images/product_image/95172.jpg","Blåbär 125g Klass 1","Frukt & grönt","Lager","<div class=""ql-editor ql-blank"" data-gramm=""false"" contenteditable=""true""><p><br></p></div><div class=""ql-clipboard"" contenteditable=""true"" tabindex=""-1""></div><div class=""ql-tooltip ql-hidden""><a class=""ql-preview"" target=""_blank"" href=""about:blank""></a><input type=""text"" data-formula=""e=mc^2"" data-link=""https://quilljs.com"" data-video=""Embed URL""><a class=""ql-action""></a><a class=""ql-remove""></a></div>","England","","<div class=""ql-editor ql-blank"" data-gramm=""false"" contenteditable=""true""><p><br></p></div><div class=""ql-clipboard"" contenteditable=""true"" tabindex=""-1""></div><div class=""ql-tooltip ql-hidden""><a class=""ql-preview"" target=""_blank"" href=""about:blank""></a><input type=""text"" data-formula=""e=mc^2"" data-link=""https://quilljs.com"" data-video=""Embed URL""><a class=""ql-action""></a><a class=""ql-remove""></a></div>","","<div class=""ql-editor ql-blank"" data-gramm=""false"" contenteditable=""true""><p><br></p></div><div class=""ql-clipboard"" contenteditable=""true"" tabindex=""-1""></div><div class=""ql-tooltip ql-hidden""><a class=""ql-preview"" target=""_blank"" href=""about:blank""></a><input type=""text"" data-formula=""e=mc^2"" data-link=""https://quilljs.com"" data-video=""Embed URL""><a class=""ql-action""></a><a class=""ql-remove""></a></div>","","24,95","","250Kr/kg","10","In Stock","125g","","Bär","Blåbär"
"5","https://livsham2.softwarebyte.co/assets/images/product_image/44202.jpg","Björnbär 125g Klass 1","Frukt & grönt","Lager","<div class=""ql-editor ql-blank"" data-gramm=""false"" contenteditable=""true""><p><br></p></div><div class=""ql-clipboard"" contenteditable=""true"" tabindex=""-1""></div><div class=""ql-tooltip ql-hidden""><a class=""ql-preview"" target=""_blank"" href=""about:blank""></a><input type=""text"" data-formula=""e=mc^2"" data-link=""https://quilljs.com"" data-video=""Embed URL""><a class=""ql-action""></a><a class=""ql-remove""></a></div>","England","","<div class=""ql-editor ql-blank"" data-gramm=""false"" contenteditable=""true""><p><br></p></div><div class=""ql-clipboard"" contenteditable=""true"" tabindex=""-1""></div><div class=""ql-tooltip ql-hidden""><a class=""ql-preview"" target=""_blank"" href=""about:blank""></a><input type=""text"" data-formula=""e=mc^2"" data-link=""https://quilljs.com"" data-video=""Embed URL""><a class=""ql-action""></a><a class=""ql-remove""></a></div>","","<div class=""ql-editor ql-blank"" data-gramm=""false"" contenteditable=""true""><p><br></p></div><div class=""ql-clipboard"" contenteditable=""true"" tabindex=""-1""></div><div class=""ql-tooltip ql-hidden""><a class=""ql-preview"" target=""_blank"" href=""about:blank""></a><input type=""text"" data-formula=""e=mc^2"" data-link=""https://quilljs.com"" data-video=""Embed URL""><a class=""ql-action""></a><a class=""ql-remove""></a></div>","","55,95","","445,60 kr/kg","20","In Stock","125g","","Bär","Björnbär"
"6","https://livsham2.softwarebyte.co/assets/images/product_image/20815.jpg","Citron Klass 1","Frukt & grönt","Lager","<div class=""ql-editor ql-blank"" data-gramm=""false"" contenteditable=""true""><p><br></p></div><div class=""ql-clipboard"" contenteditable=""true"" tabindex=""-1""></div><div class=""ql-tooltip ql-hidden""><a class=""ql-preview"" target=""_blank"" href=""about:blank""></a><input type=""text"" data-formula=""e=mc^2"" data-link=""https://quilljs.com"" data-video=""Embed URL""><a class=""ql-action""></a><a class=""ql-remove""></a></div>","England","","<div class=""ql-editor ql-blank"" data-gramm=""false"" contenteditable=""true""><p><br></p></div><div class=""ql-clipboard"" contenteditable=""true"" tabindex=""-1""></div><div class=""ql-tooltip ql-hidden""><a class=""ql-preview"" target=""_blank"" href=""about:blank""></a><input type=""text"" data-formula=""e=mc^2"" data-link=""https://quilljs.com"" data-video=""Embed URL""><a class=""ql-action""></a><a class=""ql-remove""></a></div>","","<div class=""ql-editor ql-blank"" data-gramm=""false"" contenteditable=""true""><p><br></p></div><div class=""ql-clipboard"" contenteditable=""true"" tabindex=""-1""></div><div class=""ql-tooltip ql-hidden""><a class=""ql-preview"" target=""_blank"" href=""about:blank""></a><input type=""text"" data-formula=""e=mc^2"" data-link=""https://quilljs.com"" data-video=""Embed URL""><a class=""ql-action""></a><a class=""ql-remove""></a></div>","","6,90","","35,50 kr/kg","30","In Stock","200g","","Frukt","Citrusfrukter"
"7","https://livsham2.softwarebyte.co/assets/images/product_image/50309.jpeg","Avocado Klass 1","Frukt & grönt","Lager","<div class=""ql-editor ql-blank"" data-gramm=""false"" contenteditable=""true""><p><br></p></div><div class=""ql-clipboard"" contenteditable=""true"" tabindex=""-1""></div><div class=""ql-tooltip ql-hidden""><a class=""ql-preview"" target=""_blank"" href=""about:blank""></a><input type=""text"" data-formula=""e=mc^2"" data-link=""https://quilljs.com"" data-video=""Embed URL""><a class=""ql-action""></a><a class=""ql-remove""></a></div>","England","","<div class=""ql-editor ql-blank"" data-gramm=""false"" contenteditable=""true""><p><br></p></div><div class=""ql-clipboard"" contenteditable=""true"" tabindex=""-1""></div><div class=""ql-tooltip ql-hidden""><a class=""ql-preview"" target=""_blank"" href=""about:blank""></a><input type=""text"" data-formula=""e=mc^2"" data-link=""https://quilljs.com"" data-video=""Embed URL""><a class=""ql-action""></a><a class=""ql-remove""></a></div>","","<div class=""ql-editor ql-blank"" data-gramm=""false"" contenteditable=""true""><p><br></p></div><div class=""ql-clipboard"" contenteditable=""true"" tabindex=""-1""></div><div class=""ql-tooltip ql-hidden""><a class=""ql-preview"" target=""_blank"" href=""about:blank""></a><input type=""text"" data-formula=""e=mc^2"" data-link=""https://quilljs.com"" data-video=""Embed URL""><a class=""ql-action""></a><a class=""ql-remove""></a></div>","","15,90","","88,33 kr/kg","40","In Stock","180g","","Grönsaker","Avokado"
"8","https://livsham2.softwarebyte.co/assets/images/product_image/12134.jpg","Banan Klass 1","Frukt & grönt","Lager","<div class=""ql-editor ql-blank"" data-gramm=""false"" contenteditable=""true""><p><br></p></div><div class=""ql-clipboard"" contenteditable=""true"" tabindex=""-1""></div><div class=""ql-tooltip ql-hidden""><a class=""ql-preview"" target=""_blank"" href=""about:blank""></a><input type=""text"" data-formula=""e=mc^2"" data-link=""https://quilljs.com"" data-video=""Embed URL""><a class=""ql-action""></a><a class=""ql-remove""></a></div>","England","","<div class=""ql-editor ql-blank"" data-gramm=""false"" contenteditable=""true""><p><br></p></div><div class=""ql-clipboard"" contenteditable=""true"" tabindex=""-1""></div><div class=""ql-tooltip ql-hidden""><a class=""ql-preview"" target=""_blank"" href=""about:blank""></a><input type=""text"" data-formula=""e=mc^2"" data-link=""https://quilljs.com"" data-video=""Embed URL""><a class=""ql-action""></a><a class=""ql-remove""></a></div>","","<div class=""ql-editor ql-blank"" data-gramm=""false"" contenteditable=""true""><p><br></p></div><div class=""ql-clipboard"" contenteditable=""true"" tabindex=""-1""></div><div class=""ql-tooltip ql-hidden""><a class=""ql-preview"" target=""_blank"" href=""about:blank""></a><input type=""text"" data-formula=""e=mc^2"" data-link=""https://quilljs.com"" data-video=""Embed URL""><a class=""ql-action""></a><a class=""ql-remove""></a></div>","","22,90","","22,90 kr/kg","50","Out Of Stock","1kg","","Frukt","Banan"
"9","https://livsham2.softwarebyte.co/assets/images/product_image/50441.jpeg","Lime Klass 1","Frukt & grönt","Lager","<div class=""ql-editor ql-blank"" data-gramm=""false"" contenteditable=""true""><p><br></p></div><div class=""ql-clipboard"" contenteditable=""true"" tabindex=""-1""></div><div class=""ql-tooltip ql-hidden""><a class=""ql-preview"" target=""_blank"" href=""about:blank""></a><input type=""text"" data-formula=""e=mc^2"" data-link=""https://quilljs.com"" data-video=""Embed URL""><a class=""ql-action""></a><a class=""ql-remove""></a></div>","England","","<div class=""ql-editor ql-blank"" data-gramm=""false"" contenteditable=""true""><p><br></p></div><div class=""ql-clipboard"" contenteditable=""true"" tabindex=""-1""></div><div class=""ql-tooltip ql-hidden""><a class=""ql-preview"" target=""_blank"" href=""about:blank""></a><input type=""text"" data-formula=""e=mc^2"" data-link=""https://quilljs.com"" data-video=""Embed URL""><a class=""ql-action""></a><a class=""ql-remove""></a></div>","","<div class=""ql-editor ql-blank"" data-gramm=""false"" contenteditable=""true""><p><br></p></div><div class=""ql-clipboard"" contenteditable=""true"" tabindex=""-1""></div><div class=""ql-tooltip ql-hidden""><a class=""ql-preview"" target=""_blank"" href=""about:blank""></a><input type=""text"" data-formula=""e=mc^2"" data-link=""https://quilljs.com"" data-video=""Embed URL""><a class=""ql-action""></a><a class=""ql-remove""></a></div>","","5,90","","65,56 kr/kg","60","Out Of Stock","90g","","Frukt","Citrusfrukter"
"10","https://livsham2.softwarebyte.co/assets/images/product_image/45189.jpg","Mango Klass 1","Frukt & grönt","Lager","<div class=""ql-editor ql-blank"" data-gramm=""false"" contenteditable=""true""><p><br></p></div><div class=""ql-clipboard"" contenteditable=""true"" tabindex=""-1""></div><div class=""ql-tooltip ql-hidden""><a class=""ql-preview"" target=""_blank"" href=""about:blank""></a><input type=""text"" data-formula=""e=mc^2"" data-link=""https://quilljs.com"" data-video=""Embed URL""><a class=""ql-action""></a><a class=""ql-remove""></a></div>","England","","<div class=""ql-editor ql-blank"" data-gramm=""false"" contenteditable=""true""><p><br></p></div><div class=""ql-clipboard"" contenteditable=""true"" tabindex=""-1""></div><div class=""ql-tooltip ql-hidden""><a class=""ql-preview"" target=""_blank"" href=""about:blank""></a><input type=""text"" data-formula=""e=mc^2"" data-link=""https://quilljs.com"" data-video=""Embed URL""><a class=""ql-action""></a><a class=""ql-remove""></a></div>","","<div class=""ql-editor ql-blank"" data-gramm=""false"" contenteditable=""true""><p><br></p></div><div class=""ql-clipboard"" contenteditable=""true"" tabindex=""-1""></div><div class=""ql-tooltip ql-hidden""><a class=""ql-preview"" target=""_blank"" href=""about:blank""></a><input type=""text"" data-formula=""e=mc^2"" data-link=""https://quilljs.com"" data-video=""Embed URL""><a class=""ql-action""></a><a class=""ql-remove""></a></div>","","37,95","","79,06 kr/kg","70","Out Of Stock","480g","","Frukt","Exotisk frukt"
"11","https://livsham2.softwarebyte.co/assets/images/product_image/78016.jpg","Ananas Extra Sweet Klass","Frukt & grönt","Lager","<div class=""ql-editor ql-blank"" data-gramm=""false"" contenteditable=""true""><p><br></p></div><div class=""ql-clipboard"" contenteditable=""true"" tabindex=""-1""></div><div class=""ql-tooltip ql-hidden""><a class=""ql-preview"" target=""_blank"" href=""about:blank""></a><input type=""text"" data-formula=""e=mc^2"" data-link=""https://quilljs.com"" data-video=""Embed URL""><a class=""ql-action""></a><a class=""ql-remove""></a></div>","England","","<div class=""ql-editor ql-blank"" data-gramm=""false"" contenteditable=""true""><p><br></p></div><div class=""ql-clipboard"" contenteditable=""true"" tabindex=""-1""></div><div class=""ql-tooltip ql-hidden""><a class=""ql-preview"" target=""_blank"" href=""about:blank""></a><input type=""text"" data-formula=""e=mc^2"" data-link=""https://quilljs.com"" data-video=""Embed URL""><a class=""ql-action""></a><a class=""ql-remove""></a></div>","","<div class=""ql-editor ql-blank"" data-gramm=""false"" contenteditable=""true""><p><br></p></div><div class=""ql-clipboard"" contenteditable=""true"" tabindex=""-1""></div><div class=""ql-tooltip ql-hidden""><a class=""ql-preview"" target=""_blank"" href=""about:blank""></a><input type=""text"" data-formula=""e=mc^2"" data-link=""https://quilljs.com"" data-video=""Embed URL""><a class=""ql-action""></a><a class=""ql-remove""></a></div>","","29,90","","31,47 kr/kg","80","Out Of Stock","950g","","Frukt","Exotisk frukt"
"12","https://livsham2.softwarebyte.co/assets/images/product_image/27444.jpg","Kiwi i korg Klass 1","Frukt & grönt","Lager","<div class=""ql-editor ql-blank"" data-gramm=""false"" contenteditable=""true""><p><br></p></div><div class=""ql-clipboard"" contenteditable=""true"" tabindex=""-1""></div><div class=""ql-tooltip ql-hidden""><a class=""ql-preview"" target=""_blank"" href=""about:blank""></a><input type=""text"" data-formula=""e=mc^2"" data-link=""https://quilljs.com"" data-video=""Embed URL""><a class=""ql-action""></a><a class=""ql-remove""></a></div>","England","","<div class=""ql-editor ql-blank"" data-gramm=""false"" contenteditable=""true""><p><br></p></div><div class=""ql-clipboard"" contenteditable=""true"" tabindex=""-1""></div><div class=""ql-tooltip ql-hidden""><a class=""ql-preview"" target=""_blank"" href=""about:blank""></a><input type=""text"" data-formula=""e=mc^2"" data-link=""https://quilljs.com"" data-video=""Embed URL""><a class=""ql-action""></a><a class=""ql-remove""></a></div>","","<div class=""ql-editor ql-blank"" data-gramm=""false"" contenteditable=""true""><p><br></p></div><div class=""ql-clipboard"" contenteditable=""true"" tabindex=""-1""></div><div class=""ql-tooltip ql-hidden""><a class=""ql-preview"" target=""_blank"" href=""about:blank""></a><input type=""text"" data-formula=""e=mc^2"" data-link=""https://quilljs.com"" data-video=""Embed URL""><a class=""ql-action""></a><a class=""ql-remove""></a></div>","","65,45","","24,94 kr/kg","80","In Stock","800g","","Frukt","Kiwi"
"13","https://livsham2.softwarebyte.co/assets/images/product_image/72188.jpeg","Kiwi Klass 1","Frukt & grönt","Lager","<div class=""ql-editor ql-blank"" data-gramm=""false"" contenteditable=""true""><p><br></p></div><div class=""ql-clipboard"" contenteditable=""true"" tabindex=""-1""></div><div class=""ql-tooltip ql-hidden""><a class=""ql-preview"" target=""_blank"" href=""about:blank""></a><input type=""text"" data-formula=""e=mc^2"" data-link=""https://quilljs.com"" data-video=""Embed URL""><a class=""ql-action""></a><a class=""ql-remove""></a></div>","England","","<div class=""ql-editor ql-blank"" data-gramm=""false"" contenteditable=""true""><p><br></p></div><div class=""ql-clipboard"" contenteditable=""true"" tabindex=""-1""></div><div class=""ql-tooltip ql-hidden""><a class=""ql-preview"" target=""_blank"" href=""about:blank""></a><input type=""text"" data-formula=""e=mc^2"" data-link=""https://quilljs.com"" data-video=""Embed URL""><a class=""ql-action""></a><a class=""ql-remove""></a></div>","","<div class=""ql-editor ql-blank"" data-gramm=""false"" contenteditable=""true""><p><br></p></div><div class=""ql-clipboard"" contenteditable=""true"" tabindex=""-1""></div><div class=""ql-tooltip ql-hidden""><a class=""ql-preview"" target=""_blank"" href=""about:blank""></a><input type=""text"" data-formula=""e=mc^2"" data-link=""https://quilljs.com"" data-video=""Embed URL""><a class=""ql-action""></a><a class=""ql-remove""></a></div>","","8,90","","71,20 kr/kg","10","In Stock","125g","","Frukt","Kiwi"
"14","https://livsham2.softwarebyte.co/assets/images/product_image/24182.jpeg","Vattenmelon Hel Klass 1","Frukt & grönt","Lager","<div class=""ql-editor ql-blank"" data-gramm=""false"" contenteditable=""true""><p><br></p></div><div class=""ql-clipboard"" contenteditable=""true"" tabindex=""-1""></div><div class=""ql-tooltip ql-hidden""><a class=""ql-preview"" target=""_blank"" href=""about:blank""></a><input type=""text"" data-formula=""e=mc^2"" data-link=""https://quilljs.com"" data-video=""Embed URL""><a class=""ql-action""></a><a class=""ql-remove""></a></div>","England","","<div class=""ql-editor ql-blank"" data-gramm=""false"" contenteditable=""true""><p><br></p></div><div class=""ql-clipboard"" contenteditable=""true"" tabindex=""-1""></div><div class=""ql-tooltip ql-hidden""><a class=""ql-preview"" target=""_blank"" href=""about:blank""></a><input type=""text"" data-formula=""e=mc^2"" data-link=""https://quilljs.com"" data-video=""Embed URL""><a class=""ql-action""></a><a class=""ql-remove""></a></div>","","<div class=""ql-editor ql-blank"" data-gramm=""false"" contenteditable=""true""><p><br></p></div><div class=""ql-clipboard"" contenteditable=""true"" tabindex=""-1""></div><div class=""ql-tooltip ql-hidden""><a class=""ql-preview"" target=""_blank"" href=""about:blank""></a><input type=""text"" data-formula=""e=mc^2"" data-link=""https://quilljs.com"" data-video=""Embed URL""><a class=""ql-action""></a><a class=""ql-remove""></a></div>","","56,45","","34,90 kr/kg","10","In Stock","1,5 kg","","Frukt","Melon"
"15","https://livsham2.softwarebyte.co/assets/images/product_image/90435.jpg","Melon Honung  Klass 1","Frukt & grönt","Lager","<div class=""ql-editor ql-blank"" data-gramm=""false"" contenteditable=""true""><p><br></p></div><div class=""ql-clipboard"" contenteditable=""true"" tabindex=""-1""></div><div class=""ql-tooltip ql-hidden""><a class=""ql-preview"" target=""_blank"" href=""about:blank""></a><input type=""text"" data-formula=""e=mc^2"" data-link=""https://quilljs.com"" data-video=""Embed URL""><a class=""ql-action""></a><a class=""ql-remove""></a></div>","England","","<div class=""ql-editor ql-blank"" data-gramm=""false"" contenteditable=""true""><p><br></p></div><div class=""ql-clipboard"" contenteditable=""true"" tabindex=""-1""></div><div class=""ql-tooltip ql-hidden""><a class=""ql-preview"" target=""_blank"" href=""about:blank""></a><input type=""text"" data-formula=""e=mc^2"" data-link=""https://quilljs.com"" data-video=""Embed URL""><a class=""ql-action""></a><a class=""ql-remove""></a></div>","","<div class=""ql-editor ql-blank"" data-gramm=""false"" contenteditable=""true""><p><br></p></div><div class=""ql-clipboard"" contenteditable=""true"" tabindex=""-1""></div><div class=""ql-tooltip ql-hidden""><a class=""ql-preview"" target=""_blank"" href=""about:blank""></a><input type=""text"" data-formula=""e=mc^2"" data-link=""https://quilljs.com"" data-video=""Embed URL""><a class=""ql-action""></a><a class=""ql-remove""></a></div>","","46,09","","41,90 kr/kg","10","In Stock","1,1kg","","Frukt","Melon"
"18","https://livsham2.softwarebyte.co/assets/images/product_image/56297.jpg","Hallon 125g Klass 1","Frukt & grönt","Lager","<div class=""ql-editor ql-blank"" data-gramm=""false"" contenteditable=""true""><p><br></p></div><div class=""ql-clipboard"" contenteditable=""true"" tabindex=""-1""></div><div class=""ql-tooltip ql-hidden""><a class=""ql-preview"" target=""_blank"" href=""about:blank""></a><input type=""text"" data-formula=""e=mc^2"" data-link=""https://quilljs.com"" data-video=""Embed URL""><a class=""ql-action""></a><a class=""ql-remove""></a></div>","England","","<div class=""ql-editor ql-blank"" data-gramm=""false"" contenteditable=""true""><p><br></p></div><div class=""ql-clipboard"" contenteditable=""true"" tabindex=""-1""></div><div class=""ql-tooltip ql-hidden""><a class=""ql-preview"" target=""_blank"" href=""about:blank""></a><input type=""text"" data-formula=""e=mc^2"" data-link=""https://quilljs.com"" data-video=""Embed URL""><a class=""ql-action""></a><a class=""ql-remove""></a></div>","","<div class=""ql-editor ql-blank"" data-gramm=""false"" contenteditable=""true""><p><br></p></div><div class=""ql-clipboard"" contenteditable=""true"" tabindex=""-1""></div><div class=""ql-tooltip ql-hidden""><a class=""ql-preview"" target=""_blank"" href=""about:blank""></a><input type=""text"" data-formula=""e=mc^2"" data-link=""https://quilljs.com"" data-video=""Embed URL""><a class=""ql-action""></a><a class=""ql-remove""></a></div>","","25,12","","200 kr/kg","10","In Stock","125 g","","Frukt","Hallon"
"20","https://livsham2.softwarebyte.co/assets/images/product_image/83685.jpeg","Apelsin Eko Klass 1","Frukt & grönt","Lager","<div class=""ql-editor ql-blank"" data-gramm=""false"" contenteditable=""true""><p><br></p></div><div class=""ql-clipboard"" contenteditable=""true"" tabindex=""-1""></div><div class=""ql-tooltip ql-hidden""><a class=""ql-preview"" target=""_blank"" href=""about:blank""></a><input type=""text"" data-formula=""e=mc^2"" data-link=""https://quilljs.com"" data-video=""Embed URL""><a class=""ql-action""></a><a class=""ql-remove""></a></div>","England","","<div class=""ql-editor ql-blank"" data-gramm=""false"" contenteditable=""true""><p><br></p></div><div class=""ql-clipboard"" contenteditable=""true"" tabindex=""-1""></div><div class=""ql-tooltip ql-hidden""><a class=""ql-preview"" target=""_blank"" href=""about:blank""></a><input type=""text"" data-formula=""e=mc^2"" data-link=""https://quilljs.com"" data-video=""Embed URL""><a class=""ql-action""></a><a class=""ql-remove""></a></div>","","<div class=""ql-editor ql-blank"" data-gramm=""false"" contenteditable=""true""><p><br></p></div><div class=""ql-clipboard"" contenteditable=""true"" tabindex=""-1""></div><div class=""ql-tooltip ql-hidden""><a class=""ql-preview"" target=""_blank"" href=""about:blank""></a><input type=""text"" data-formula=""e=mc^2"" data-link=""https://quilljs.com"" data-video=""Embed URL""><a class=""ql-action""></a><a class=""ql-remove""></a></div>","","19,58","","30,90 kr/kg","10","In Stock","310g","","Frukt","Apelsin"
"21","https://livsham2.softwarebyte.co/assets/images/product_image/80414.jpg","Äpple Granny Klass 1","Frukt & grönt","Lager","<div class=""ql-editor ql-blank"" data-gramm=""false"" contenteditable=""true""><p><br></p></div><div class=""ql-clipboard"" contenteditable=""true"" tabindex=""-1""></div><div class=""ql-tooltip ql-hidden""><a class=""ql-preview"" target=""_blank"" href=""about:blank""></a><input type=""text"" data-formula=""e=mc^2"" data-link=""https://quilljs.com"" data-video=""Embed URL""><a class=""ql-action""></a><a class=""ql-remove""></a></div>","England","","<div class=""ql-editor ql-blank"" data-gramm=""false"" contenteditable=""true""><p><br></p></div><div class=""ql-clipboard"" contenteditable=""true"" tabindex=""-1""></div><div class=""ql-tooltip ql-hidden""><a class=""ql-preview"" target=""_blank"" href=""about:blank""></a><input type=""text"" data-formula=""e=mc^2"" data-link=""https://quilljs.com"" data-video=""Embed URL""><a class=""ql-action""></a><a class=""ql-remove""></a></div>","1","<div class=""ql-editor ql-blank"" data-gramm=""false"" contenteditable=""true""><p><br></p></div><div class=""ql-clipboard"" contenteditable=""true"" tabindex=""-1""></div><div class=""ql-tooltip ql-hidden""><a class=""ql-preview"" target=""_blank"" href=""about:blank""></a><input type=""text"" data-formula=""e=mc^2"" data-link=""https://quilljs.com"" data-video=""Embed URL""><a class=""ql-action""></a><a class=""ql-remove""></a></div>","","6,06","","31,90 kr/kg","10","In Stock","190g","","Frukt","Äpple"
"22","https://livsham2.softwarebyte.co/assets/images/product_image/77974.jpg","Äpple Pink Lady Klass 1","Frukt & grönt","Lager","<div class=""ql-editor ql-blank"" data-gramm=""false"" contenteditable=""true""><p><br></p></div><div class=""ql-clipboard"" contenteditable=""true"" tabindex=""-1""></div><div class=""ql-tooltip ql-hidden""><a class=""ql-preview"" target=""_blank"" href=""about:blank""></a><input type=""text"" data-formula=""e=mc^2"" data-link=""https://quilljs.com"" data-video=""Embed URL""><a class=""ql-action""></a><a class=""ql-remove""></a></div>","England","","<div class=""ql-editor ql-blank"" data-gramm=""false"" contenteditable=""true""><p><br></p></div><div class=""ql-clipboard"" contenteditable=""true"" tabindex=""-1""></div><div class=""ql-tooltip ql-hidden""><a class=""ql-preview"" target=""_blank"" href=""about:blank""></a><input type=""text"" data-formula=""e=mc^2"" data-link=""https://quilljs.com"" data-video=""Embed URL""><a class=""ql-action""></a><a class=""ql-remove""></a></div>","","<div class=""ql-editor ql-blank"" data-gramm=""false"" contenteditable=""true""><p><br></p></div><div class=""ql-clipboard"" contenteditable=""true"" tabindex=""-1""></div><div class=""ql-tooltip ql-hidden""><a class=""ql-preview"" target=""_blank"" href=""about:blank""></a><input type=""text"" data-formula=""e=mc^2"" data-link=""https://quilljs.com"" data-video=""Embed URL""><a class=""ql-action""></a><a class=""ql-remove""></a></div>","","8,26","","45,90 kr/kg","10","In Stock","180g","","Frukt","Äpple"
"27","https://livsham2.softwarebyte.co/assets/images/product_image/74696.jpg","Citron Klass 1 nr 2","Frukt & grönt","Lager","<div class=""ql-editor ql-blank"" data-gramm=""false"" contenteditable=""true""><p><br></p></div><div class=""ql-clipboard"" contenteditable=""true"" tabindex=""-1""></div><div class=""ql-tooltip ql-hidden""><a class=""ql-preview"" target=""_blank"" href=""about:blank""></a><input type=""text"" data-formula=""e=mc^2"" data-link=""https://quilljs.com"" data-video=""Embed URL""><a class=""ql-action""></a><a class=""ql-remove""></a></div>","England","","<div class=""ql-editor ql-blank"" data-gramm=""false"" contenteditable=""true""><p><br></p></div><div class=""ql-clipboard"" contenteditable=""true"" tabindex=""-1""></div><div class=""ql-tooltip ql-hidden""><a class=""ql-preview"" target=""_blank"" href=""about:blank""></a><input type=""text"" data-formula=""e=mc^2"" data-link=""https://quilljs.com"" data-video=""Embed URL""><a class=""ql-action""></a><a class=""ql-remove""></a></div>","","<div class=""ql-editor ql-blank"" data-gramm=""false"" contenteditable=""true""><p><br></p></div><div class=""ql-clipboard"" contenteditable=""true"" tabindex=""-1""></div><div class=""ql-tooltip ql-hidden""><a class=""ql-preview"" target=""_blank"" href=""about:blank""></a><input type=""text"" data-formula=""e=mc^2"" data-link=""https://quilljs.com"" data-video=""Embed URL""><a class=""ql-action""></a><a class=""ql-remove""></a></div>","","6,90","","34,50 kr/kg","10","In Stock","200g","","Frukt","Citrusfrukter"
"29","https://livsham2.softwarebyte.co/assets/images/product_image/57200.jpg","Jordgubbar 400g Spanien","Frukt & grönt","Lager","<div class=""ql-editor ql-blank"" data-gramm=""false"" contenteditable=""true""><p><br></p></div><div class=""ql-clipboard"" contenteditable=""true"" tabindex=""-1""></div><div class=""ql-tooltip ql-hidden""><a class=""ql-preview"" target=""_blank"" href=""about:blank""></a><input type=""text"" data-formula=""e=mc^2"" data-link=""https://quilljs.com"" data-video=""Embed URL""><a class=""ql-action""></a><a class=""ql-remove""></a></div>","Spanien","","<div class=""ql-editor ql-blank"" data-gramm=""false"" contenteditable=""true""><p><br></p></div><div class=""ql-clipboard"" contenteditable=""true"" tabindex=""-1""></div><div class=""ql-tooltip ql-hidden""><a class=""ql-preview"" target=""_blank"" href=""about:blank""></a><input type=""text"" data-formula=""e=mc^2"" data-link=""https://quilljs.com"" data-video=""Embed URL""><a class=""ql-action""></a><a class=""ql-remove""></a></div>","","<div class=""ql-editor ql-blank"" data-gramm=""false"" contenteditable=""true""><p><br></p></div><div class=""ql-clipboard"" contenteditable=""true"" tabindex=""-1""></div><div class=""ql-tooltip ql-hidden""><a class=""ql-preview"" target=""_blank"" href=""about:blank""></a><input type=""text"" data-formula=""e=mc^2"" data-link=""https://quilljs.com"" data-video=""Embed URL""><a class=""ql-action""></a><a class=""ql-remove""></a></div>","","39,95","","99,88 kr/kg","10","In Stock","400g","","Bär","Jordgubbar"
"30","https://livsham2.softwarebyte.co/assets/images/product_image/46535.jpg","Äpple Golden Klass 1","Frukt & grönt","Lager","<div class=""ql-editor ql-blank"" data-gramm=""false"" contenteditable=""true""><p><br></p></div><div class=""ql-clipboard"" contenteditable=""true"" tabindex=""-1""></div><div class=""ql-tooltip ql-hidden""><a class=""ql-preview"" target=""_blank"" href=""about:blank""></a><input type=""text"" data-formula=""e=mc^2"" data-link=""https://quilljs.com"" data-video=""Embed URL""><a class=""ql-action""></a><a class=""ql-remove""></a></div>","England","","<div class=""ql-editor ql-blank"" data-gramm=""false"" contenteditable=""true""><p><br></p></div><div class=""ql-clipboard"" contenteditable=""true"" tabindex=""-1""></div><div class=""ql-tooltip ql-hidden""><a class=""ql-preview"" target=""_blank"" href=""about:blank""></a><input type=""text"" data-formula=""e=mc^2"" data-link=""https://quilljs.com"" data-video=""Embed URL""><a class=""ql-action""></a><a class=""ql-remove""></a></div>","","<div class=""ql-editor ql-blank"" data-gramm=""false"" contenteditable=""true""><p><br></p></div><div class=""ql-clipboard"" contenteditable=""true"" tabindex=""-1""></div><div class=""ql-tooltip ql-hidden""><a class=""ql-preview"" target=""_blank"" href=""about:blank""></a><input type=""text"" data-formula=""e=mc^2"" data-link=""https://quilljs.com"" data-video=""Embed URL""><a class=""ql-action""></a><a class=""ql-remove""></a></div>","","5,06","","38,90 kr/kg","1","In Stock","130g","","Mjölk, grädde, yoghurt","Äpple"
"31","https://livsham2.softwarebyte.co/assets/images/product_image/42275.jpeg","Päron Klass 1","Frukt & grönt","Lager","","England","","","","","","5,86","","34,90","10","In Stock","160g","","Frukt","Päron"
"32","https://livsham2.softwarebyte.co/assets/images/product_image/37269.jpg","Druvor Röda kärnfria Klass 1","Frukt & grönt","Lager","<div class=""ql-editor ql-blank"" data-gramm=""false"" contenteditable=""true""><p><br></p></div><div class=""ql-clipboard"" contenteditable=""true"" tabindex=""-1""></div><div class=""ql-tooltip ql-hidden""><a class=""ql-preview"" target=""_blank"" href=""about:blank""></a><input type=""text"" data-formula=""e=mc^2"" data-link=""https://quilljs.com"" data-video=""Embed URL""><a class=""ql-action""></a><a class=""ql-remove""></a></div>","England","","<div class=""ql-editor ql-blank"" data-gramm=""false"" contenteditable=""true""><p><br></p></div><div class=""ql-clipboard"" contenteditable=""true"" tabindex=""-1""></div><div class=""ql-tooltip ql-hidden""><a class=""ql-preview"" target=""_blank"" href=""about:blank""></a><input type=""text"" data-formula=""e=mc^2"" data-link=""https://quilljs.com"" data-video=""Embed URL""><a class=""ql-action""></a><a class=""ql-remove""></a></div>","","<div class=""ql-editor ql-blank"" data-gramm=""false"" contenteditable=""true""><p><br></p></div><div class=""ql-clipboard"" contenteditable=""true"" tabindex=""-1""></div><div class=""ql-tooltip ql-hidden""><a class=""ql-preview"" target=""_blank"" href=""about:blank""></a><input type=""text"" data-formula=""e=mc^2"" data-link=""https://quilljs.com"" data-video=""Embed URL""><a class=""ql-action""></a><a class=""ql-remove""></a></div>","","39,95","","80,00 kr/kg","1","In Stock","500g","","Frukt","Vindruvor"
"33","https://livsham2.softwarebyte.co/assets/images/product_image/35037.jpg","Druvor Gröna kärnfria Klass 1","Frukt & grönt","Lager","<div class=""ql-editor ql-blank"" data-gramm=""false"" contenteditable=""true""><p><br></p></div><div class=""ql-clipboard"" contenteditable=""true"" tabindex=""-1""></div><div class=""ql-tooltip ql-hidden""><a class=""ql-preview"" target=""_blank"" href=""about:blank""></a><input type=""text"" data-formula=""e=mc^2"" data-link=""https://quilljs.com"" data-video=""Embed URL""><a class=""ql-action""></a><a class=""ql-remove""></a></div>","England","","<div class=""ql-editor ql-blank"" data-gramm=""false"" contenteditable=""true""><p><br></p></div><div class=""ql-clipboard"" contenteditable=""true"" tabindex=""-1""></div><div class=""ql-tooltip ql-hidden""><a class=""ql-preview"" target=""_blank"" href=""about:blank""></a><input type=""text"" data-formula=""e=mc^2"" data-link=""https://quilljs.com"" data-video=""Embed URL""><a class=""ql-action""></a><a class=""ql-remove""></a></div>","","<div class=""ql-editor ql-blank"" data-gramm=""false"" contenteditable=""true""><p><br></p></div><div class=""ql-clipboard"" contenteditable=""true"" tabindex=""-1""></div><div class=""ql-tooltip ql-hidden""><a class=""ql-preview"" target=""_blank"" href=""about:blank""></a><input type=""text"" data-formula=""e=mc^2"" data-link=""https://quilljs.com"" data-video=""Embed URL""><a class=""ql-action""></a><a class=""ql-remove""></a></div>","","48,95","","97,90 kr/kg","10","In Stock","500g","","Frukt","Vindruvor"
"34","https://livsham2.softwarebyte.co/assets/images/product_image/18852.jpeg","Granatäpple Klass 1","Frukt & grönt","Lager","<div class=""ql-editor ql-blank"" data-gramm=""false"" contenteditable=""true""><p><br></p></div><div class=""ql-clipboard"" contenteditable=""true"" tabindex=""-1""></div><div class=""ql-tooltip ql-hidden""><a class=""ql-preview"" target=""_blank"" href=""about:blank""></a><input type=""text"" data-formula=""e=mc^2"" data-link=""https://quilljs.com"" data-video=""Embed URL""><a class=""ql-action""></a><a class=""ql-remove""></a></div>","England","","<div class=""ql-editor ql-blank"" data-gramm=""false"" contenteditable=""true""><p><br></p></div><div class=""ql-clipboard"" contenteditable=""true"" tabindex=""-1""></div><div class=""ql-tooltip ql-hidden""><a class=""ql-preview"" target=""_blank"" href=""about:blank""></a><input type=""text"" data-formula=""e=mc^2"" data-link=""https://quilljs.com"" data-video=""Embed URL""><a class=""ql-action""></a><a class=""ql-remove""></a></div>","","<div class=""ql-editor ql-blank"" data-gramm=""false"" contenteditable=""true""><p><br></p></div><div class=""ql-clipboard"" contenteditable=""true"" tabindex=""-1""></div><div class=""ql-tooltip ql-hidden""><a class=""ql-preview"" target=""_blank"" href=""about:blank""></a><input type=""text"" data-formula=""e=mc^2"" data-link=""https://quilljs.com"" data-video=""Embed URL""><a class=""ql-action""></a><a class=""ql-remove""></a></div>","","24,90","","83,00 kr/kg","1","In Stock","300g","","Frukt","Exotisk frukt"
"35","https://livsham2.softwarebyte.co/assets/images/product_image/56142.jpeg","Physalis 100g Klass 1","Frukt & grönt","Lager","<div class=""ql-editor ql-blank"" data-gramm=""false"" contenteditable=""true""><p><br></p></div><div class=""ql-clipboard"" contenteditable=""true"" tabindex=""-1""></div><div class=""ql-tooltip ql-hidden""><a class=""ql-preview"" target=""_blank"" href=""about:blank""></a><input type=""text"" data-formula=""e=mc^2"" data-link=""https://quilljs.com"" data-video=""Embed URL""><a class=""ql-action""></a><a class=""ql-remove""></a></div>","England","","<div class=""ql-editor ql-blank"" data-gramm=""false"" contenteditable=""true""><p><br></p></div><div class=""ql-clipboard"" contenteditable=""true"" tabindex=""-1""></div><div class=""ql-tooltip ql-hidden""><a class=""ql-preview"" target=""_blank"" href=""about:blank""></a><input type=""text"" data-formula=""e=mc^2"" data-link=""https://quilljs.com"" data-video=""Embed URL""><a class=""ql-action""></a><a class=""ql-remove""></a></div>","","<div class=""ql-editor ql-blank"" data-gramm=""false"" contenteditable=""true""><p><br></p></div><div class=""ql-clipboard"" contenteditable=""true"" tabindex=""-1""></div><div class=""ql-tooltip ql-hidden""><a class=""ql-preview"" target=""_blank"" href=""about:blank""></a><input type=""text"" data-formula=""e=mc^2"" data-link=""https://quilljs.com"" data-video=""Embed URL""><a class=""ql-action""></a><a class=""ql-remove""></a></div>","","24,95","","249,50 kr/kg","10","In Stock","100g","","Frukt","Exotisk frukt"
"36","https://livsham2.softwarebyte.co/assets/images/product_image/5598.jpeg","Physalis 100g Klass 1","Frukt & grönt","Lager","<div class=""ql-editor ql-blank"" data-gramm=""false"" contenteditable=""true""><p><br></p></div><div class=""ql-clipboard"" contenteditable=""true"" tabindex=""-1""></div><div class=""ql-tooltip ql-hidden""><a class=""ql-preview"" target=""_blank"" href=""about:blank""></a><input type=""text"" data-formula=""e=mc^2"" data-link=""https://quilljs.com"" data-video=""Embed URL""><a class=""ql-action""></a><a class=""ql-remove""></a></div>","England","","<div class=""ql-editor ql-blank"" data-gramm=""false"" contenteditable=""true""><p><br></p></div><div class=""ql-clipboard"" contenteditable=""true"" tabindex=""-1""></div><div class=""ql-tooltip ql-hidden""><a class=""ql-preview"" target=""_blank"" href=""about:blank""></a><input type=""text"" data-formula=""e=mc^2"" data-link=""https://quilljs.com"" data-video=""Embed URL""><a class=""ql-action""></a><a class=""ql-remove""></a></div>","","<div class=""ql-editor ql-blank"" data-gramm=""false"" contenteditable=""true""><p><br></p></div><div class=""ql-clipboard"" contenteditable=""true"" tabindex=""-1""></div><div class=""ql-tooltip ql-hidden""><a class=""ql-preview"" target=""_blank"" href=""about:blank""></a><input type=""text"" data-formula=""e=mc^2"" data-link=""https://quilljs.com"" data-video=""Embed URL""><a class=""ql-action""></a><a class=""ql-remove""></a></div>","","24,95","","249,50 kr/kg","1","In Stock","100g","","Frukt","Exotisk frukt"
"37","https://livsham2.softwarebyte.co/assets/images/product_image/41078.jpeg","Sockerärta 150g Klass 1","Frukt & grönt","Lager","<div class=""ql-editor ql-blank"" data-gramm=""false"" contenteditable=""true""><p><br></p></div><div class=""ql-clipboard"" contenteditable=""true"" tabindex=""-1""></div><div class=""ql-tooltip ql-hidden""><a class=""ql-preview"" target=""_blank"" href=""about:blank""></a><input type=""text"" data-formula=""e=mc^2"" data-link=""https://quilljs.com"" data-video=""Embed URL""><a class=""ql-action""></a><a class=""ql-remove""></a></div>","England","","<div class=""ql-editor ql-blank"" data-gramm=""false"" contenteditable=""true""><p><br></p></div><div class=""ql-clipboard"" contenteditable=""true"" tabindex=""-1""></div><div class=""ql-tooltip ql-hidden""><a class=""ql-preview"" target=""_blank"" href=""about:blank""></a><input type=""text"" data-formula=""e=mc^2"" data-link=""https://quilljs.com"" data-video=""Embed URL""><a class=""ql-action""></a><a class=""ql-remove""></a></div>","","<div class=""ql-editor ql-blank"" data-gramm=""false"" contenteditable=""true""><p><br></p></div><div class=""ql-clipboard"" contenteditable=""true"" tabindex=""-1""></div><div class=""ql-tooltip ql-hidden""><a class=""ql-preview"" target=""_blank"" href=""about:blank""></a><input type=""text"" data-formula=""e=mc^2"" data-link=""https://quilljs.com"" data-video=""Embed URL""><a class=""ql-action""></a><a class=""ql-remove""></a></div>","","31,95","","213,00 kr/kg","","In Stock","150g","","Grönsaker","Ärtor & Bönor"
"38","https://livsham2.softwarebyte.co/assets/images/product_image/22485.jpeg","Aubergine Klass 1","Frukt & grönt","Lager","","England","","","","","","12,90","","57,33 kr/kg","","In Stock","225g","","Grönsaker","Zucchini & aubergine"
"39","https://livsham2.softwarebyte.co/assets/images/product_image/8276.jpeg","Broccoli Klass 1","Frukt & grönt","Lager","","England","","","","","","18,95","","75,80 kr/kg","","In Stock","250g","","Grönsaker","Kål & broccoli"
"40","https://livsham2.softwarebyte.co/assets/images/product_image/55244.jpeg","Chinarosegroddar Eko","Frukt & grönt","Lager","","England","","","","","","12,00","","240 kr","","In Stock","50g","","Grönsaker","Bönor & groddar"
"41","https://livsham2.softwarebyte.co/assets/images/product_image/97121.jpeg","Böngroddar Eko","Frukt & grönt","Lager","","England","","","","","","47,09","","94,17 kr/kg","","In Stock","500g","","Grönsaker","Bönor & groddar"
"42","https://livsham2.softwarebyte.co/assets/images/product_image/50463.jpeg","Paprika grön Klass 1","Frukt & grönt","Lager","","England","","","","","","11,86","","65,90 kr/kg","","In Stock","180g","","Grönsaker","Paprika"
"43","https://livsham2.softwarebyte.co/assets/images/product_image/54695.jpeg","Paprika Röd Klass 1","Frukt & grönt","Lager","<div class=""ql-editor ql-blank"" data-gramm=""false"" contenteditable=""true""><p><br></p></div><div class=""ql-clipboard"" contenteditable=""true"" tabindex=""-1""></div><div class=""ql-tooltip ql-hidden""><a class=""ql-preview"" target=""_blank"" href=""about:blank""></a><input type=""text"" data-formula=""e=mc^2"" data-link=""https://quilljs.com"" data-video=""Embed URL""><a class=""ql-action""></a><a class=""ql-remove""></a></div>","England","","<div class=""ql-editor ql-blank"" data-gramm=""false"" contenteditable=""true""><p><br></p></div><div class=""ql-clipboard"" contenteditable=""true"" tabindex=""-1""></div><div class=""ql-tooltip ql-hidden""><a class=""ql-preview"" target=""_blank"" href=""about:blank""></a><input type=""text"" data-formula=""e=mc^2"" data-link=""https://quilljs.com"" data-video=""Embed URL""><a class=""ql-action""></a><a class=""ql-remove""></a></div>","","<div class=""ql-editor ql-blank"" data-gramm=""false"" contenteditable=""true""><p><br></p></div><div class=""ql-clipboard"" contenteditable=""true"" tabindex=""-1""></div><div class=""ql-tooltip ql-hidden""><a class=""ql-preview"" target=""_blank"" href=""about:blank""></a><input type=""text"" data-formula=""e=mc^2"" data-link=""https://quilljs.com"" data-video=""Embed URL""><a class=""ql-action""></a><a class=""ql-remove""></a></div>","","13,12","","72,90 kr/kg","","In Stock","180g","","Grönsaker","Paprika"
"44","https://livsham2.softwarebyte.co/assets/images/product_image/6858.jpeg","Paprika Gul Klass 1","Frukt & grönt","Lager","","England","","","","","","12,58","","69,90 kr/kg","","In Stock","180g","","Grönsaker","Paprika"
"45","https://livsham2.softwarebyte.co/assets/images/product_image/3471.jpeg","Chilipeppar Röd Klass1","Frukt & grönt","Lager","<div class=""ql-editor ql-blank"" data-gramm=""false"" contenteditable=""true""><p><br></p></div><div class=""ql-clipboard"" contenteditable=""true"" tabindex=""-1""></div><div class=""ql-tooltip ql-hidden""><a class=""ql-preview"" target=""_blank"" href=""about:blank""></a><input type=""text"" data-formula=""e=mc^2"" data-link=""https://quilljs.com"" data-video=""Embed URL""><a class=""ql-action""></a><a class=""ql-remove""></a></div>","England","","<div class=""ql-editor ql-blank"" data-gramm=""false"" contenteditable=""true""><p><br></p></div><div class=""ql-clipboard"" contenteditable=""true"" tabindex=""-1""></div><div class=""ql-tooltip ql-hidden""><a class=""ql-preview"" target=""_blank"" href=""about:blank""></a><input type=""text"" data-formula=""e=mc^2"" data-link=""https://quilljs.com"" data-video=""Embed URL""><a class=""ql-action""></a><a class=""ql-remove""></a></div>","","<div class=""ql-editor ql-blank"" data-gramm=""false"" contenteditable=""true""><p><br></p></div><div class=""ql-clipboard"" contenteditable=""true"" tabindex=""-1""></div><div class=""ql-tooltip ql-hidden""><a class=""ql-preview"" target=""_blank"" href=""about:blank""></a><input type=""text"" data-formula=""e=mc^2"" data-link=""https://quilljs.com"" data-video=""Embed URL""><a class=""ql-action""></a><a class=""ql-remove""></a></div>","","21,95","","548,75 kr/kg","","In Stock","20g","","Grönsaker","Örter och smaksättare"
"46","https://livsham2.softwarebyte.co/assets/images/product_image/56801.jpeg","Chilipeppar Röd Klass 1","Frukt & grönt","Lager","<div class=""ql-editor ql-blank"" data-gramm=""false"" contenteditable=""true""><p><br></p></div><div class=""ql-clipboard"" contenteditable=""true"" tabindex=""-1""></div><div class=""ql-tooltip ql-hidden""><a class=""ql-preview"" target=""_blank"" href=""about:blank""></a><input type=""text"" data-formula=""e=mc^2"" data-link=""https://quilljs.com"" data-video=""Embed URL""><a class=""ql-action""></a><a class=""ql-remove""></a></div>","Spanien","","<div class=""ql-editor ql-blank"" data-gramm=""false"" contenteditable=""true""><p><br></p></div><div class=""ql-clipboard"" contenteditable=""true"" tabindex=""-1""></div><div class=""ql-tooltip ql-hidden""><a class=""ql-preview"" target=""_blank"" href=""about:blank""></a><input type=""text"" data-formula=""e=mc^2"" data-link=""https://quilljs.com"" data-video=""Embed URL""><a class=""ql-action""></a><a class=""ql-remove""></a></div>","","<div class=""ql-editor ql-blank"" data-gramm=""false"" contenteditable=""true""><p><br></p></div><div class=""ql-clipboard"" contenteditable=""true"" tabindex=""-1""></div><div class=""ql-tooltip ql-hidden""><a class=""ql-preview"" target=""_blank"" href=""about:blank""></a><input type=""text"" data-formula=""e=mc^2"" data-link=""https://quilljs.com"" data-video=""Embed URL""><a class=""ql-action""></a><a class=""ql-remove""></a></div>","","20,95","","523,75 kr/kg","","In Stock","20g","","Grönsaker","Örter och smaksättare"
"47","https://livsham2.softwarebyte.co/assets/images/product_image/93293.jpeg","Chilipeppar Grön Klass 1","Frukt & grönt","Lager","<div class=""ql-editor ql-blank"" data-gramm=""false"" contenteditable=""true""><p><br></p></div><div class=""ql-clipboard"" contenteditable=""true"" tabindex=""-1""></div><div class=""ql-tooltip ql-hidden""><a class=""ql-preview"" target=""_blank"" href=""about:blank""></a><input type=""text"" data-formula=""e=mc^2"" data-link=""https://quilljs.com"" data-video=""Embed URL""><a class=""ql-action""></a><a class=""ql-remove""></a></div>","England","","<div class=""ql-editor ql-blank"" data-gramm=""false"" contenteditable=""true""><p><br></p></div><div class=""ql-clipboard"" contenteditable=""true"" tabindex=""-1""></div><div class=""ql-tooltip ql-hidden""><a class=""ql-preview"" target=""_blank"" href=""about:blank""></a><input type=""text"" data-formula=""e=mc^2"" data-link=""https://quilljs.com"" data-video=""Embed URL""><a class=""ql-action""></a><a class=""ql-remove""></a></div>","","<div class=""ql-editor ql-blank"" data-gramm=""false"" contenteditable=""true""><p><br></p></div><div class=""ql-clipboard"" contenteditable=""true"" tabindex=""-1""></div><div class=""ql-tooltip ql-hidden""><a class=""ql-preview"" target=""_blank"" href=""about:blank""></a><input type=""text"" data-formula=""e=mc^2"" data-link=""https://quilljs.com"" data-video=""Embed URL""><a class=""ql-action""></a><a class=""ql-remove""></a></div>","","10,98","","548,75 kr/kg","","In Stock","20g","","Grönsaker","Örter och smaksättare"
"48","https://livsham2.softwarebyte.co/assets/images/product_image/23476.jpeg","Jalapeno Klass 1","Skafferi","Lager","<div class=""ql-editor ql-blank"" data-gramm=""false"" contenteditable=""true""><p><br></p></div><div class=""ql-clipboard"" contenteditable=""true"" tabindex=""-1""></div><div class=""ql-tooltip ql-hidden""><a class=""ql-preview"" target=""_blank"" href=""about:blank""></a><input type=""text"" data-formula=""e=mc^2"" data-link=""https://quilljs.com"" data-video=""Embed URL""><a class=""ql-action""></a><a class=""ql-remove""></a></div>","England","","<div class=""ql-editor ql-blank"" data-gramm=""false"" contenteditable=""true""><p><br></p></div><div class=""ql-clipboard"" contenteditable=""true"" tabindex=""-1""></div><div class=""ql-tooltip ql-hidden""><a class=""ql-preview"" target=""_blank"" href=""about:blank""></a><input type=""text"" data-formula=""e=mc^2"" data-link=""https://quilljs.com"" data-video=""Embed URL""><a class=""ql-action""></a><a class=""ql-remove""></a></div>","","<div class=""ql-editor ql-blank"" data-gramm=""false"" contenteditable=""true""><p><br></p></div><div class=""ql-clipboard"" contenteditable=""true"" tabindex=""-1""></div><div class=""ql-tooltip ql-hidden""><a class=""ql-preview"" target=""_blank"" href=""about:blank""></a><input type=""text"" data-formula=""e=mc^2"" data-link=""https://quilljs.com"" data-video=""Embed URL""><a class=""ql-action""></a><a class=""ql-remove""></a></div>","","9,00","","307,69 kr/kg","","In Stock","26g","","Kryddor & smaksättare","Chili"
"49","https://livsham2.softwarebyte.co/assets/images/product_image/53321.jpeg","Jalapeno Klass 1","Skafferi","Lager","","England","","","","","","8","","307,69 kr/kg","","In Stock","26g","","Kryddor & smaksättare","Chili"
"50","https://livsham2.softwarebyte.co/assets/images/product_image/32391.jpeg","Jalapeno Klass 1","Skafferi","Lager","","England","","","","","","8","","307,69 kr/kg","","In Stock","26g","","Kryddor & smaksättare","Chili"
"51","https://livsham2.softwarebyte.co/assets/images/product_image/90027.jpeg","Ingefära Klass 1","Skafferi","Lager","<div class=""ql-editor ql-blank"" data-gramm=""false"" contenteditable=""true""><p><br></p></div><div class=""ql-clipboard"" contenteditable=""true"" tabindex=""-1""></div><div class=""ql-tooltip ql-hidden""><a class=""ql-preview"" target=""_blank"" href=""about:blank""></a><input type=""text"" data-formula=""e=mc^2"" data-link=""https://quilljs.com"" data-video=""Embed URL""><a class=""ql-action""></a><a class=""ql-remove""></a></div>","England","","<div class=""ql-editor ql-blank"" data-gramm=""false"" contenteditable=""true""><p><br></p></div><div class=""ql-clipboard"" contenteditable=""true"" tabindex=""-1""></div><div class=""ql-tooltip ql-hidden""><a class=""ql-preview"" target=""_blank"" href=""about:blank""></a><input type=""text"" data-formula=""e=mc^2"" data-link=""https://quilljs.com"" data-video=""Embed URL""><a class=""ql-action""></a><a class=""ql-remove""></a></div>","","<div class=""ql-editor ql-blank"" data-gramm=""false"" contenteditable=""true""><p><br></p></div><div class=""ql-clipboard"" contenteditable=""true"" tabindex=""-1""></div><div class=""ql-tooltip ql-hidden""><a class=""ql-preview"" target=""_blank"" href=""about:blank""></a><input type=""text"" data-formula=""e=mc^2"" data-link=""https://quilljs.com"" data-video=""Embed URL""><a class=""ql-action""></a><a class=""ql-remove""></a></div>","","8,20","","81,95 kr/kg","","In Stock","100g","","Kryddor & smaksättare","Kryddor"
"52","https://livsham2.softwarebyte.co/assets/images/product_image/42561.jpeg","Babyplommontomater Klass 1","Frukt & grönt","Lager","<div class=""ql-editor ql-blank"" data-gramm=""false"" contenteditable=""true""><p><br></p></div><div class=""ql-clipboard"" contenteditable=""true"" tabindex=""-1""></div><div class=""ql-tooltip ql-hidden""><a class=""ql-preview"" target=""_blank"" href=""about:blank""></a><input type=""text"" data-formula=""e=mc^2"" data-link=""https://quilljs.com"" data-video=""Embed URL""><a class=""ql-action""></a><a class=""ql-remove""></a></div>","England","","<div class=""ql-editor ql-blank"" data-gramm=""false"" contenteditable=""true""><p><br></p></div><div class=""ql-clipboard"" contenteditable=""true"" tabindex=""-1""></div><div class=""ql-tooltip ql-hidden""><a class=""ql-preview"" target=""_blank"" href=""about:blank""></a><input type=""text"" data-formula=""e=mc^2"" data-link=""https://quilljs.com"" data-video=""Embed URL""><a class=""ql-action""></a><a class=""ql-remove""></a></div>","","<div class=""ql-editor ql-blank"" data-gramm=""false"" contenteditable=""true""><p><br></p></div><div class=""ql-clipboard"" contenteditable=""true"" tabindex=""-1""></div><div class=""ql-tooltip ql-hidden""><a class=""ql-preview"" target=""_blank"" href=""about:blank""></a><input type=""text"" data-formula=""e=mc^2"" data-link=""https://quilljs.com"" data-video=""Embed URL""><a class=""ql-action""></a><a class=""ql-remove""></a></div>","","20,95","","83,80 kr/kg","","In Stock","250g","","Grönsaker","Tomat"
"53","https://livsham2.softwarebyte.co/assets/images/product_image/4690.jpeg","Tomat Klass 1","Frukt & grönt","Lager","<div class=""ql-editor ql-blank"" data-gramm=""false"" contenteditable=""true""><p><br></p></div><div class=""ql-clipboard"" contenteditable=""true"" tabindex=""-1""></div><div class=""ql-tooltip ql-hidden""><a class=""ql-preview"" target=""_blank"" href=""about:blank""></a><input type=""text"" data-formula=""e=mc^2"" data-link=""https://quilljs.com"" data-video=""Embed URL""><a class=""ql-action""></a><a class=""ql-remove""></a></div>","England","","<div class=""ql-editor ql-blank"" data-gramm=""false"" contenteditable=""true""><p><br></p></div><div class=""ql-clipboard"" contenteditable=""true"" tabindex=""-1""></div><div class=""ql-tooltip ql-hidden""><a class=""ql-preview"" target=""_blank"" href=""about:blank""></a><input type=""text"" data-formula=""e=mc^2"" data-link=""https://quilljs.com"" data-video=""Embed URL""><a class=""ql-action""></a><a class=""ql-remove""></a></div>","","<div class=""ql-editor ql-blank"" data-gramm=""false"" contenteditable=""true""><p><br></p></div><div class=""ql-clipboard"" contenteditable=""true"" tabindex=""-1""></div><div class=""ql-tooltip ql-hidden""><a class=""ql-preview"" target=""_blank"" href=""about:blank""></a><input type=""text"" data-formula=""e=mc^2"" data-link=""https://quilljs.com"" data-video=""Embed URL""><a class=""ql-action""></a><a class=""ql-remove""></a></div>","","5,50","","61,11 kr/kg","","In Stock","90g","","Grönsaker","Tomat"
"54","https://livsham2.softwarebyte.co/assets/images/product_image/84572.jpeg","Kvisttomat Klass 1","Frukt & grönt","Lager","<div class=""ql-editor ql-blank"" data-gramm=""false"" contenteditable=""true""><p><br></p></div><div class=""ql-clipboard"" contenteditable=""true"" tabindex=""-1""></div><div class=""ql-tooltip ql-hidden""><a class=""ql-preview"" target=""_blank"" href=""about:blank""></a><input type=""text"" data-formula=""e=mc^2"" data-link=""https://quilljs.com"" data-video=""Embed URL""><a class=""ql-action""></a><a class=""ql-remove""></a></div>","England","","<div class=""ql-editor ql-blank"" data-gramm=""false"" contenteditable=""true""><p><br></p></div><div class=""ql-clipboard"" contenteditable=""true"" tabindex=""-1""></div><div class=""ql-tooltip ql-hidden""><a class=""ql-preview"" target=""_blank"" href=""about:blank""></a><input type=""text"" data-formula=""e=mc^2"" data-link=""https://quilljs.com"" data-video=""Embed URL""><a class=""ql-action""></a><a class=""ql-remove""></a></div>","","<div class=""ql-editor ql-blank"" data-gramm=""false"" contenteditable=""true""><p><br></p></div><div class=""ql-clipboard"" contenteditable=""true"" tabindex=""-1""></div><div class=""ql-tooltip ql-hidden""><a class=""ql-preview"" target=""_blank"" href=""about:blank""></a><input type=""text"" data-formula=""e=mc^2"" data-link=""https://quilljs.com"" data-video=""Embed URL""><a class=""ql-action""></a><a class=""ql-remove""></a></div>","","21,58","","44,95 kr/kg","","In Stock","480g","","Grönsaker","Tomat"
"55","https://livsham2.softwarebyte.co/assets/images/product_image/56230.jpeg","Gula körsbärstomater","Frukt & grönt","Lager","<div class=""ql-editor ql-blank"" data-gramm=""false"" contenteditable=""true""><p><br></p></div><div class=""ql-clipboard"" contenteditable=""true"" tabindex=""-1""></div><div class=""ql-tooltip ql-hidden""><a class=""ql-preview"" target=""_blank"" href=""about:blank""></a><input type=""text"" data-formula=""e=mc^2"" data-link=""https://quilljs.com"" data-video=""Embed URL""><a class=""ql-action""></a><a class=""ql-remove""></a></div>","England","","<div class=""ql-editor ql-blank"" data-gramm=""false"" contenteditable=""true""><p><br></p></div><div class=""ql-clipboard"" contenteditable=""true"" tabindex=""-1""></div><div class=""ql-tooltip ql-hidden""><a class=""ql-preview"" target=""_blank"" href=""about:blank""></a><input type=""text"" data-formula=""e=mc^2"" data-link=""https://quilljs.com"" data-video=""Embed URL""><a class=""ql-action""></a><a class=""ql-remove""></a></div>","","<div class=""ql-editor ql-blank"" data-gramm=""false"" contenteditable=""true""><p><br></p></div><div class=""ql-clipboard"" contenteditable=""true"" tabindex=""-1""></div><div class=""ql-tooltip ql-hidden""><a class=""ql-preview"" target=""_blank"" href=""about:blank""></a><input type=""text"" data-formula=""e=mc^2"" data-link=""https://quilljs.com"" data-video=""Embed URL""><a class=""ql-action""></a><a class=""ql-remove""></a></div>","","18,95","","75,80 kr/kg","","In Stock","250g","","Grönsaker","Tomat"
"56","https://livsham2.softwarebyte.co/assets/images/product_image/96316.jpeg","Baby Plommontomat","Frukt & grönt","Lager","<div class=""ql-editor ql-blank"" data-gramm=""false"" contenteditable=""true""><p><br></p></div><div class=""ql-clipboard"" contenteditable=""true"" tabindex=""-1""></div><div class=""ql-tooltip ql-hidden""><a class=""ql-preview"" target=""_blank"" href=""about:blank""></a><input type=""text"" data-formula=""e=mc^2"" data-link=""https://quilljs.com"" data-video=""Embed URL""><a class=""ql-action""></a><a class=""ql-remove""></a></div>","England","","<div class=""ql-editor ql-blank"" data-gramm=""false"" contenteditable=""true""><p><br></p></div><div class=""ql-clipboard"" contenteditable=""true"" tabindex=""-1""></div><div class=""ql-tooltip ql-hidden""><a class=""ql-preview"" target=""_blank"" href=""about:blank""></a><input type=""text"" data-formula=""e=mc^2"" data-link=""https://quilljs.com"" data-video=""Embed URL""><a class=""ql-action""></a><a class=""ql-remove""></a></div>","","<div class=""ql-editor ql-blank"" data-gramm=""false"" contenteditable=""true""><p><br></p></div><div class=""ql-clipboard"" contenteditable=""true"" tabindex=""-1""></div><div class=""ql-tooltip ql-hidden""><a class=""ql-preview"" target=""_blank"" href=""about:blank""></a><input type=""text"" data-formula=""e=mc^2"" data-link=""https://quilljs.com"" data-video=""Embed URL""><a class=""ql-action""></a><a class=""ql-remove""></a></div>","","38,95","","77,90 kr/kg","","In Stock","500g","","Grönsaker","Tomat"
"57","https://livsham2.softwarebyte.co/assets/images/product_image/56810.jpeg","Röd Vinbär","Frukt & grönt","Lager","<div class=""ql-editor ql-blank"" data-gramm=""false"" contenteditable=""true""><p><br></p></div><div class=""ql-clipboard"" contenteditable=""true"" tabindex=""-1""></div><div class=""ql-tooltip ql-hidden""><a class=""ql-preview"" target=""_blank"" href=""about:blank""></a><input type=""text"" data-formula=""e=mc^2"" data-link=""https://quilljs.com"" data-video=""Embed URL""><a class=""ql-action""></a><a class=""ql-remove""></a></div>","England","","<div class=""ql-editor ql-blank"" data-gramm=""false"" contenteditable=""true""><p><br></p></div><div class=""ql-clipboard"" contenteditable=""true"" tabindex=""-1""></div><div class=""ql-tooltip ql-hidden""><a class=""ql-preview"" target=""_blank"" href=""about:blank""></a><input type=""text"" data-formula=""e=mc^2"" data-link=""https://quilljs.com"" data-video=""Embed URL""><a class=""ql-action""></a><a class=""ql-remove""></a></div>","","<div class=""ql-editor ql-blank"" data-gramm=""false"" contenteditable=""true""><p><br></p></div><div class=""ql-clipboard"" contenteditable=""true"" tabindex=""-1""></div><div class=""ql-tooltip ql-hidden""><a class=""ql-preview"" target=""_blank"" href=""about:blank""></a><input type=""text"" data-formula=""e=mc^2"" data-link=""https://quilljs.com"" data-video=""Embed URL""><a class=""ql-action""></a><a class=""ql-remove""></a></div>","","20,00","","60,00 kr/kg","","In Stock","20g","","Bär","Övriga bär"
"58","https://livsham2.softwarebyte.co/assets/images/product_image/83566.jpeg","Gulbetor Klass 1","Frukt & grönt","Lager","<div class=""ql-editor ql-blank"" data-gramm=""false"" contenteditable=""true""><p><br></p></div><div class=""ql-clipboard"" contenteditable=""true"" tabindex=""-1""></div><div class=""ql-tooltip ql-hidden""><a class=""ql-preview"" target=""_blank"" href=""about:blank""></a><input type=""text"" data-formula=""e=mc^2"" data-link=""https://quilljs.com"" data-video=""Embed URL""><a class=""ql-action""></a><a class=""ql-remove""></a></div>","England","","<div class=""ql-editor ql-blank"" data-gramm=""false"" contenteditable=""true""><p><br></p></div><div class=""ql-clipboard"" contenteditable=""true"" tabindex=""-1""></div><div class=""ql-tooltip ql-hidden""><a class=""ql-preview"" target=""_blank"" href=""about:blank""></a><input type=""text"" data-formula=""e=mc^2"" data-link=""https://quilljs.com"" data-video=""Embed URL""><a class=""ql-action""></a><a class=""ql-remove""></a></div>","","<div class=""ql-editor ql-blank"" data-gramm=""false"" contenteditable=""true""><p><br></p></div><div class=""ql-clipboard"" contenteditable=""true"" tabindex=""-1""></div><div class=""ql-tooltip ql-hidden""><a class=""ql-preview"" target=""_blank"" href=""about:blank""></a><input type=""text"" data-formula=""e=mc^2"" data-link=""https://quilljs.com"" data-video=""Embed URL""><a class=""ql-action""></a><a class=""ql-remove""></a></div>","","19,95","","39,90","","In Stock","500g","","Rotfrukter","Övriga rotfrukter"
"59","https://livsham2.softwarebyte.co/assets/images/product_image/92325.jpeg","Salladslök Klass 1","Frukt & grönt","Lager","<div class=""ql-editor ql-blank"" data-gramm=""false"" contenteditable=""true""><p><br></p></div><div class=""ql-clipboard"" contenteditable=""true"" tabindex=""-1""></div><div class=""ql-tooltip ql-hidden""><a class=""ql-preview"" target=""_blank"" href=""about:blank""></a><input type=""text"" data-formula=""e=mc^2"" data-link=""https://quilljs.com"" data-video=""Embed URL""><a class=""ql-action""></a><a class=""ql-remove""></a></div>","England","","<div class=""ql-editor ql-blank"" data-gramm=""false"" contenteditable=""true""><p><br></p></div><div class=""ql-clipboard"" contenteditable=""true"" tabindex=""-1""></div><div class=""ql-tooltip ql-hidden""><a class=""ql-preview"" target=""_blank"" href=""about:blank""></a><input type=""text"" data-formula=""e=mc^2"" data-link=""https://quilljs.com"" data-video=""Embed URL""><a class=""ql-action""></a><a class=""ql-remove""></a></div>","","<div class=""ql-editor ql-blank"" data-gramm=""false"" contenteditable=""true""><p><br></p></div><div class=""ql-clipboard"" contenteditable=""true"" tabindex=""-1""></div><div class=""ql-tooltip ql-hidden""><a class=""ql-preview"" target=""_blank"" href=""about:blank""></a><input type=""text"" data-formula=""e=mc^2"" data-link=""https://quilljs.com"" data-video=""Embed URL""><a class=""ql-action""></a><a class=""ql-remove""></a></div>","","23,95","","191,60 kr/kg","","In Stock","125g","","Grönsaker","Lök"
"60","https://livsham2.softwarebyte.co/assets/images/product_image/42801.jpeg","Pak-Soi Sallat","Frukt & grönt","Lager","<div class=""ql-editor ql-blank"" data-gramm=""false"" contenteditable=""true""><p><br></p></div><div class=""ql-clipboard"" contenteditable=""true"" tabindex=""-1""></div><div class=""ql-tooltip ql-hidden""><a class=""ql-preview"" target=""_blank"" href=""about:blank""></a><input type=""text"" data-formula=""e=mc^2"" data-link=""https://quilljs.com"" data-video=""Embed URL""><a class=""ql-action""></a><a class=""ql-remove""></a></div>","England","","<div class=""ql-editor ql-blank"" data-gramm=""false"" contenteditable=""true""><p><br></p></div><div class=""ql-clipboard"" contenteditable=""true"" tabindex=""-1""></div><div class=""ql-tooltip ql-hidden""><a class=""ql-preview"" target=""_blank"" href=""about:blank""></a><input type=""text"" data-formula=""e=mc^2"" data-link=""https://quilljs.com"" data-video=""Embed URL""><a class=""ql-action""></a><a class=""ql-remove""></a></div>","","<div class=""ql-editor ql-blank"" data-gramm=""false"" contenteditable=""true""><p><br></p></div><div class=""ql-clipboard"" contenteditable=""true"" tabindex=""-1""></div><div class=""ql-tooltip ql-hidden""><a class=""ql-preview"" target=""_blank"" href=""about:blank""></a><input type=""text"" data-formula=""e=mc^2"" data-link=""https://quilljs.com"" data-video=""Embed URL""><a class=""ql-action""></a><a class=""ql-remove""></a></div>","","25,95","","103,80 kr/kg","","In Stock","250g","","Grönsaker","Sallad"
"61","https://livsham2.softwarebyte.co/assets/images/product_image/13108.jpeg","Purjolök Klass 1","Frukt & grönt","Lager","<div class=""ql-editor ql-blank"" data-gramm=""false"" contenteditable=""true""><p><br></p></div><div class=""ql-clipboard"" contenteditable=""true"" tabindex=""-1""></div><div class=""ql-tooltip ql-hidden""><a class=""ql-preview"" target=""_blank"" href=""about:blank""></a><input type=""text"" data-formula=""e=mc^2"" data-link=""https://quilljs.com"" data-video=""Embed URL""><a class=""ql-action""></a><a class=""ql-remove""></a></div>","England","","<div class=""ql-editor ql-blank"" data-gramm=""false"" contenteditable=""true""><p><br></p></div><div class=""ql-clipboard"" contenteditable=""true"" tabindex=""-1""></div><div class=""ql-tooltip ql-hidden""><a class=""ql-preview"" target=""_blank"" href=""about:blank""></a><input type=""text"" data-formula=""e=mc^2"" data-link=""https://quilljs.com"" data-video=""Embed URL""><a class=""ql-action""></a><a class=""ql-remove""></a></div>","","<div class=""ql-editor ql-blank"" data-gramm=""false"" contenteditable=""true""><p><br></p></div><div class=""ql-clipboard"" contenteditable=""true"" tabindex=""-1""></div><div class=""ql-tooltip ql-hidden""><a class=""ql-preview"" target=""_blank"" href=""about:blank""></a><input type=""text"" data-formula=""e=mc^2"" data-link=""https://quilljs.com"" data-video=""Embed URL""><a class=""ql-action""></a><a class=""ql-remove""></a></div>","","13,18","","39,95 kr/kg","","In Stock","330g","","Grönsaker","Lök"
"62","https://livsham2.softwarebyte.co/assets/images/product_image/35154.jpeg","Rödkål Hel Klass 1","Frukt & grönt","Lager","<div class=""ql-editor ql-blank"" data-gramm=""false"" contenteditable=""true""><p><br></p></div><div class=""ql-clipboard"" contenteditable=""true"" tabindex=""-1""></div><div class=""ql-tooltip ql-hidden""><a class=""ql-preview"" target=""_blank"" href=""about:blank""></a><input type=""text"" data-formula=""e=mc^2"" data-link=""https://quilljs.com"" data-video=""Embed URL""><a class=""ql-action""></a><a class=""ql-remove""></a></div>","England","","<div class=""ql-editor ql-blank"" data-gramm=""false"" contenteditable=""true""><p><br></p></div><div class=""ql-clipboard"" contenteditable=""true"" tabindex=""-1""></div><div class=""ql-tooltip ql-hidden""><a class=""ql-preview"" target=""_blank"" href=""about:blank""></a><input type=""text"" data-formula=""e=mc^2"" data-link=""https://quilljs.com"" data-video=""Embed URL""><a class=""ql-action""></a><a class=""ql-remove""></a></div>","","<div class=""ql-editor ql-blank"" data-gramm=""false"" contenteditable=""true""><p><br></p></div><div class=""ql-clipboard"" contenteditable=""true"" tabindex=""-1""></div><div class=""ql-tooltip ql-hidden""><a class=""ql-preview"" target=""_blank"" href=""about:blank""></a><input type=""text"" data-formula=""e=mc^2"" data-link=""https://quilljs.com"" data-video=""Embed URL""><a class=""ql-action""></a><a class=""ql-remove""></a></div>","","38,95","","38,95 kr/kg","","In Stock","1kg","","Grönsaker","Kål & broccoli"
"63","https://livsham2.softwarebyte.co/assets/images/product_image/71600.jpeg","Gulbeta Påse Klass 1","Frukt & grönt","Lager","<div class=""ql-editor ql-blank"" data-gramm=""false"" contenteditable=""true""><p><br></p></div><div class=""ql-clipboard"" contenteditable=""true"" tabindex=""-1""></div><div class=""ql-tooltip ql-hidden""><a class=""ql-preview"" target=""_blank"" href=""about:blank""></a><input type=""text"" data-formula=""e=mc^2"" data-link=""https://quilljs.com"" data-video=""Embed URL""><a class=""ql-action""></a><a class=""ql-remove""></a></div>","England","","<div class=""ql-editor ql-blank"" data-gramm=""false"" contenteditable=""true""><p><br></p></div><div class=""ql-clipboard"" contenteditable=""true"" tabindex=""-1""></div><div class=""ql-tooltip ql-hidden""><a class=""ql-preview"" target=""_blank"" href=""about:blank""></a><input type=""text"" data-formula=""e=mc^2"" data-link=""https://quilljs.com"" data-video=""Embed URL""><a class=""ql-action""></a><a class=""ql-remove""></a></div>","","<div class=""ql-editor ql-blank"" data-gramm=""false"" contenteditable=""true""><p><br></p></div><div class=""ql-clipboard"" contenteditable=""true"" tabindex=""-1""></div><div class=""ql-tooltip ql-hidden""><a class=""ql-preview"" target=""_blank"" href=""about:blank""></a><input type=""text"" data-formula=""e=mc^2"" data-link=""https://quilljs.com"" data-video=""Embed URL""><a class=""ql-action""></a><a class=""ql-remove""></a></div>","","20,95","","41,90 kr/kg","","In Stock","500g","","Rotfrukter","Övriga rotfrukter"
"64","https://livsham2.softwarebyte.co/assets/images/product_image/32380.jpeg","Rödbetor Påse Klass 1","Frukt & grönt","Lager","<div class=""ql-editor ql-blank"" data-gramm=""false"" contenteditable=""true""><p><br></p></div><div class=""ql-clipboard"" contenteditable=""true"" tabindex=""-1""></div><div class=""ql-tooltip ql-hidden""><a class=""ql-preview"" target=""_blank"" href=""about:blank""></a><input type=""text"" data-formula=""e=mc^2"" data-link=""https://quilljs.com"" data-video=""Embed URL""><a class=""ql-action""></a><a class=""ql-remove""></a></div>","England","","<div class=""ql-editor ql-blank"" data-gramm=""false"" contenteditable=""true""><p><br></p></div><div class=""ql-clipboard"" contenteditable=""true"" tabindex=""-1""></div><div class=""ql-tooltip ql-hidden""><a class=""ql-preview"" target=""_blank"" href=""about:blank""></a><input type=""text"" data-formula=""e=mc^2"" data-link=""https://quilljs.com"" data-video=""Embed URL""><a class=""ql-action""></a><a class=""ql-remove""></a></div>","","<div class=""ql-editor ql-blank"" data-gramm=""false"" contenteditable=""true""><p><br></p></div><div class=""ql-clipboard"" contenteditable=""true"" tabindex=""-1""></div><div class=""ql-tooltip ql-hidden""><a class=""ql-preview"" target=""_blank"" href=""about:blank""></a><input type=""text"" data-formula=""e=mc^2"" data-link=""https://quilljs.com"" data-video=""Embed URL""><a class=""ql-action""></a><a class=""ql-remove""></a></div>","","22,95","","22,95 kr/kg","","In Stock","1kg","","Rotfrukter","Rödbetor"
"65","https://livsham2.softwarebyte.co/assets/images/product_image/56361.jpeg","Rödbetor förkokta Klass 1","Frukt & grönt","Lager","<div class=""ql-editor ql-blank"" data-gramm=""false"" contenteditable=""true""><p><br></p></div><div class=""ql-clipboard"" contenteditable=""true"" tabindex=""-1""></div><div class=""ql-tooltip ql-hidden""><a class=""ql-preview"" target=""_blank"" href=""about:blank""></a><input type=""text"" data-formula=""e=mc^2"" data-link=""https://quilljs.com"" data-video=""Embed URL""><a class=""ql-action""></a><a class=""ql-remove""></a></div>","England","","<div class=""ql-editor ql-blank"" data-gramm=""false"" contenteditable=""true""><p><br></p></div><div class=""ql-clipboard"" contenteditable=""true"" tabindex=""-1""></div><div class=""ql-tooltip ql-hidden""><a class=""ql-preview"" target=""_blank"" href=""about:blank""></a><input type=""text"" data-formula=""e=mc^2"" data-link=""https://quilljs.com"" data-video=""Embed URL""><a class=""ql-action""></a><a class=""ql-remove""></a></div>","","<div class=""ql-editor ql-blank"" data-gramm=""false"" contenteditable=""true""><p><br></p></div><div class=""ql-clipboard"" contenteditable=""true"" tabindex=""-1""></div><div class=""ql-tooltip ql-hidden""><a class=""ql-preview"" target=""_blank"" href=""about:blank""></a><input type=""text"" data-formula=""e=mc^2"" data-link=""https://quilljs.com"" data-video=""Embed URL""><a class=""ql-action""></a><a class=""ql-remove""></a></div>","","17,50","","35 kr/kg","","In Stock","500g","","Rotfrukter","Rödbetor"
"67","https://livsham2.softwarebyte.co/assets/images/product_image/81283.jpeg","Rödbeta Klass 1","Frukt & grönt","Lager","<div class=""ql-editor ql-blank"" data-gramm=""false"" contenteditable=""true""><p><br></p></div><div class=""ql-clipboard"" contenteditable=""true"" tabindex=""-1""></div><div class=""ql-tooltip ql-hidden""><a class=""ql-preview"" target=""_blank"" href=""about:blank""></a><input type=""text"" data-formula=""e=mc^2"" data-link=""https://quilljs.com"" data-video=""Embed URL""><a class=""ql-action""></a><a class=""ql-remove""></a></div>","England","","<div class=""ql-editor ql-blank"" data-gramm=""false"" contenteditable=""true""><p><br></p></div><div class=""ql-clipboard"" contenteditable=""true"" tabindex=""-1""></div><div class=""ql-tooltip ql-hidden""><a class=""ql-preview"" target=""_blank"" href=""about:blank""></a><input type=""text"" data-formula=""e=mc^2"" data-link=""https://quilljs.com"" data-video=""Embed URL""><a class=""ql-action""></a><a class=""ql-remove""></a></div>","","<div class=""ql-editor ql-blank"" data-gramm=""false"" contenteditable=""true""><p><br></p></div><div class=""ql-clipboard"" contenteditable=""true"" tabindex=""-1""></div><div class=""ql-tooltip ql-hidden""><a class=""ql-preview"" target=""_blank"" href=""about:blank""></a><input type=""text"" data-formula=""e=mc^2"" data-link=""https://quilljs.com"" data-video=""Embed URL""><a class=""ql-action""></a><a class=""ql-remove""></a></div>","","4,67","","17,95 kr/kg","","In Stock","260g","","Rotfrukter","Rödbetor"
"68","https://livsham2.softwarebyte.co/assets/images/product_image/15105.jpeg","Palsternacka Klass 1","Frukt & grönt","Lager","<div class=""ql-editor ql-blank"" data-gramm=""false"" contenteditable=""true""><p><br></p></div><div class=""ql-clipboard"" contenteditable=""true"" tabindex=""-1""></div><div class=""ql-tooltip ql-hidden""><a class=""ql-preview"" target=""_blank"" href=""about:blank""></a><input type=""text"" data-formula=""e=mc^2"" data-link=""https://quilljs.com"" data-video=""Embed URL""><a class=""ql-action""></a><a class=""ql-remove""></a></div>","England","","<div class=""ql-editor ql-blank"" data-gramm=""false"" contenteditable=""true""><p><br></p></div><div class=""ql-clipboard"" contenteditable=""true"" tabindex=""-1""></div><div class=""ql-tooltip ql-hidden""><a class=""ql-preview"" target=""_blank"" href=""about:blank""></a><input type=""text"" data-formula=""e=mc^2"" data-link=""https://quilljs.com"" data-video=""Embed URL""><a class=""ql-action""></a><a class=""ql-remove""></a></div>","","<div class=""ql-editor ql-blank"" data-gramm=""false"" contenteditable=""true""><p><br></p></div><div class=""ql-clipboard"" contenteditable=""true"" tabindex=""-1""></div><div class=""ql-tooltip ql-hidden""><a class=""ql-preview"" target=""_blank"" href=""about:blank""></a><input type=""text"" data-formula=""e=mc^2"" data-link=""https://quilljs.com"" data-video=""Embed URL""><a class=""ql-action""></a><a class=""ql-remove""></a></div>","","14,95","","37,38 kr/kg","","In Stock","500g","","Rotfrukter","Palsternaka"
"70","https://livsham2.softwarebyte.co/assets/images/product_image/25919.jpeg","Polkabetor Klass 1","Frukt & grönt","Lager","<div class=""ql-editor ql-blank"" data-gramm=""false"" contenteditable=""true""><p><br></p></div><div class=""ql-clipboard"" contenteditable=""true"" tabindex=""-1""></div><div class=""ql-tooltip ql-hidden""><a class=""ql-preview"" target=""_blank"" href=""about:blank""></a><input type=""text"" data-formula=""e=mc^2"" data-link=""https://quilljs.com"" data-video=""Embed URL""><a class=""ql-action""></a><a class=""ql-remove""></a></div>","England","","<div class=""ql-editor ql-blank"" data-gramm=""false"" contenteditable=""true""><p><br></p></div><div class=""ql-clipboard"" contenteditable=""true"" tabindex=""-1""></div><div class=""ql-tooltip ql-hidden""><a class=""ql-preview"" target=""_blank"" href=""about:blank""></a><input type=""text"" data-formula=""e=mc^2"" data-link=""https://quilljs.com"" data-video=""Embed URL""><a class=""ql-action""></a><a class=""ql-remove""></a></div>","","<div class=""ql-editor ql-blank"" data-gramm=""false"" contenteditable=""true""><p><br></p></div><div class=""ql-clipboard"" contenteditable=""true"" tabindex=""-1""></div><div class=""ql-tooltip ql-hidden""><a class=""ql-preview"" target=""_blank"" href=""about:blank""></a><input type=""text"" data-formula=""e=mc^2"" data-link=""https://quilljs.com"" data-video=""Embed URL""><a class=""ql-action""></a><a class=""ql-remove""></a></div>","","19,95","","39,90 kr/kg","","In Stock","500g","","Rotfrukter","Rödbetor"
"71","https://livsham2.softwarebyte.co/assets/images/product_image/42517.jpeg","Morötter Klass 1","Frukt & grönt","Lager","<div class=""ql-editor ql-blank"" data-gramm=""false"" contenteditable=""true""><p><br></p></div><div class=""ql-clipboard"" contenteditable=""true"" tabindex=""-1""></div><div class=""ql-tooltip ql-hidden""><a class=""ql-preview"" target=""_blank"" href=""about:blank""></a><input type=""text"" data-formula=""e=mc^2"" data-link=""https://quilljs.com"" data-video=""Embed URL""><a class=""ql-action""></a><a class=""ql-remove""></a></div>","England","","<div class=""ql-editor ql-blank"" data-gramm=""false"" contenteditable=""true""><p><br></p></div><div class=""ql-clipboard"" contenteditable=""true"" tabindex=""-1""></div><div class=""ql-tooltip ql-hidden""><a class=""ql-preview"" target=""_blank"" href=""about:blank""></a><input type=""text"" data-formula=""e=mc^2"" data-link=""https://quilljs.com"" data-video=""Embed URL""><a class=""ql-action""></a><a class=""ql-remove""></a></div>","","<div class=""ql-editor ql-blank"" data-gramm=""false"" contenteditable=""true""><p><br></p></div><div class=""ql-clipboard"" contenteditable=""true"" tabindex=""-1""></div><div class=""ql-tooltip ql-hidden""><a class=""ql-preview"" target=""_blank"" href=""about:blank""></a><input type=""text"" data-formula=""e=mc^2"" data-link=""https://quilljs.com"" data-video=""Embed URL""><a class=""ql-action""></a><a class=""ql-remove""></a></div>","","24,95","","12,48 kr/kg","","In Stock","2kg","","Rotfrukter","Morötter"
"73","https://livsham2.softwarebyte.co/assets/images/product_image/58830.jpeg","Tomat Klass 1","Frukt & grönt","Lager","","England","","","","","","5,50","","61,11 kr/kg","","In Stock","90g","","Grönsaker","Tomat"
"74","https://livsham2.softwarebyte.co/assets/images/product_image/98534.jpeg","Zucchini Klass 1","Frukt & grönt","Lager","<div class=""ql-editor ql-blank"" data-gramm=""false"" contenteditable=""true""><p><br></p></div><div class=""ql-clipboard"" contenteditable=""true"" tabindex=""-1""></div><div class=""ql-tooltip ql-hidden""><a class=""ql-preview"" target=""_blank"" href=""about:blank""></a><input type=""text"" data-formula=""e=mc^2"" data-link=""https://quilljs.com"" data-video=""Embed URL""><a class=""ql-action""></a><a class=""ql-remove""></a></div>","England","","<div class=""ql-editor ql-blank"" data-gramm=""false"" contenteditable=""true""><p><br></p></div><div class=""ql-clipboard"" contenteditable=""true"" tabindex=""-1""></div><div class=""ql-tooltip ql-hidden""><a class=""ql-preview"" target=""_blank"" href=""about:blank""></a><input type=""text"" data-formula=""e=mc^2"" data-link=""https://quilljs.com"" data-video=""Embed URL""><a class=""ql-action""></a><a class=""ql-remove""></a></div>","","<div class=""ql-editor ql-blank"" data-gramm=""false"" contenteditable=""true""><p><br></p></div><div class=""ql-clipboard"" contenteditable=""true"" tabindex=""-1""></div><div class=""ql-tooltip ql-hidden""><a class=""ql-preview"" target=""_blank"" href=""about:blank""></a><input type=""text"" data-formula=""e=mc^2"" data-link=""https://quilljs.com"" data-video=""Embed URL""><a class=""ql-action""></a><a class=""ql-remove""></a></div>","","11,90","","34,00 kr/kg","","In Stock","350g","","Grönsaker","Zucchini & aubergine"
"75","https://livsham2.softwarebyte.co/assets/images/product_image/86949.jpeg","Persilja i knippe Klass 1","Frukt & grönt","Lager","<div class=""ql-editor ql-blank"" data-gramm=""false"" contenteditable=""true""><p><br></p></div><div class=""ql-clipboard"" contenteditable=""true"" tabindex=""-1""></div><div class=""ql-tooltip ql-hidden""><a class=""ql-preview"" target=""_blank"" href=""about:blank""></a><input type=""text"" data-formula=""e=mc^2"" data-link=""https://quilljs.com"" data-video=""Embed URL""><a class=""ql-action""></a><a class=""ql-remove""></a></div>","England","","<div class=""ql-editor ql-blank"" data-gramm=""false"" contenteditable=""true""><p><br></p></div><div class=""ql-clipboard"" contenteditable=""true"" tabindex=""-1""></div><div class=""ql-tooltip ql-hidden""><a class=""ql-preview"" target=""_blank"" href=""about:blank""></a><input type=""text"" data-formula=""e=mc^2"" data-link=""https://quilljs.com"" data-video=""Embed URL""><a class=""ql-action""></a><a class=""ql-remove""></a></div>","","<div class=""ql-editor ql-blank"" data-gramm=""false"" contenteditable=""true""><p><br></p></div><div class=""ql-clipboard"" contenteditable=""true"" tabindex=""-1""></div><div class=""ql-tooltip ql-hidden""><a class=""ql-preview"" target=""_blank"" href=""about:blank""></a><input type=""text"" data-formula=""e=mc^2"" data-link=""https://quilljs.com"" data-video=""Embed URL""><a class=""ql-action""></a><a class=""ql-remove""></a></div>","","129,50","","647,50 kr/kg","","In Stock","200g","","Grönsaker","Örter och smaksättare"
"76","https://livsham2.softwarebyte.co/assets/images/product_image/6073.jpeg","Isbergssallat Klass 1","Frukt & grönt","Lager","","England","","","","","","21,96","","49,90 kr/kg","","In Stock","450g","","Grönsaker","Sallad"
"77","https://livsham2.softwarebyte.co/assets/images/product_image/93252.jpeg","Romansallad Klass1","Frukt & grönt","Lager","","England","","","","","","53,9","","107,80kr/kg","","In Stock","500g","","Grönsaker","Sallad"
"78","https://livsham2.softwarebyte.co/assets/images/product_image/12307.jpeg","Salladskål Klass 1","Frukt & grönt","Lager","","England","","","","","","12,22","","34,90 kr/kg","","In Stock","350g","","Grönsaker","Sallad"
"79","https://livsham2.softwarebyte.co/assets/images/product_image/95900.jpeg","Champinjon 250g Klass 1","Frukt & grönt","Lager","<div class=""ql-editor ql-blank"" data-gramm=""false"" contenteditable=""true""><p><br></p></div><div class=""ql-clipboard"" contenteditable=""true"" tabindex=""-1""></div><div class=""ql-tooltip ql-hidden""><a class=""ql-preview"" target=""_blank"" href=""about:blank""></a><input type=""text"" data-formula=""e=mc^2"" data-link=""https://quilljs.com"" data-video=""Embed URL""><a class=""ql-action""></a><a class=""ql-remove""></a></div>","England","","<div class=""ql-editor ql-blank"" data-gramm=""false"" contenteditable=""true""><p><br></p></div><div class=""ql-clipboard"" contenteditable=""true"" tabindex=""-1""></div><div class=""ql-tooltip ql-hidden""><a class=""ql-preview"" target=""_blank"" href=""about:blank""></a><input type=""text"" data-formula=""e=mc^2"" data-link=""https://quilljs.com"" data-video=""Embed URL""><a class=""ql-action""></a><a class=""ql-remove""></a></div>","","<div class=""ql-editor ql-blank"" data-gramm=""false"" contenteditable=""true""><p><br></p></div><div class=""ql-clipboard"" contenteditable=""true"" tabindex=""-1""></div><div class=""ql-tooltip ql-hidden""><a class=""ql-preview"" target=""_blank"" href=""about:blank""></a><input type=""text"" data-formula=""e=mc^2"" data-link=""https://quilljs.com"" data-video=""Embed URL""><a class=""ql-action""></a><a class=""ql-remove""></a></div>","","22,95","","91,80 kr/kg","","In Stock","250g","","Svamp","Champinjon"
"80","https://livsham2.softwarebyte.co/assets/images/product_image/36226.jpeg","Gräslök i ask Klass","Frukt & grönt","Lager","","England","","","","","","16,95","","847,50 kr/kg","","In Stock","20g","","Grönsaker","Örter och smaksättare"
"81","https://livsham2.softwarebyte.co/assets/images/product_image/96228.jpeg","Ärtskott Klass1","Frukt & grönt","Lager","","England","","","","","","29,95","","299,50 kr/kg","","In Stock","100g","","Grönsaker","Ärtor & Bönor"
"82","https://livsham2.softwarebyte.co/assets/images/product_image/23360.jpeg","Kvisttomater Piccolini Klass 1","Frukt & grönt","Lager","<div class=""ql-editor ql-blank"" data-gramm=""false"" contenteditable=""true""><p><br></p></div><div class=""ql-clipboard"" contenteditable=""true"" tabindex=""-1""></div><div class=""ql-tooltip ql-hidden""><a class=""ql-preview"" target=""_blank"" href=""about:blank""></a><input type=""text"" data-formula=""e=mc^2"" data-link=""https://quilljs.com"" data-video=""Embed URL""><a class=""ql-action""></a><a class=""ql-remove""></a></div>","England","","<div class=""ql-editor ql-blank"" data-gramm=""false"" contenteditable=""true""><p><br></p></div><div class=""ql-clipboard"" contenteditable=""true"" tabindex=""-1""></div><div class=""ql-tooltip ql-hidden""><a class=""ql-preview"" target=""_blank"" href=""about:blank""></a><input type=""text"" data-formula=""e=mc^2"" data-link=""https://quilljs.com"" data-video=""Embed URL""><a class=""ql-action""></a><a class=""ql-remove""></a></div>","","<div class=""ql-editor ql-blank"" data-gramm=""false"" contenteditable=""true""><p><br></p></div><div class=""ql-clipboard"" contenteditable=""true"" tabindex=""-1""></div><div class=""ql-tooltip ql-hidden""><a class=""ql-preview"" target=""_blank"" href=""about:blank""></a><input type=""text"" data-formula=""e=mc^2"" data-link=""https://quilljs.com"" data-video=""Embed URL""><a class=""ql-action""></a><a class=""ql-remove""></a></div>","","34,95","","174,75 kr/kg","","In Stock","200g","","Grönsaker","Tomat"
"83","https://livsham2.softwarebyte.co/assets/images/product_image/34540.jpeg","Skogschampinjoner Klass 1","Frukt & grönt","Lager","<div class=""ql-editor ql-blank"" data-gramm=""false"" contenteditable=""true""><p><br></p></div><div class=""ql-clipboard"" contenteditable=""true"" tabindex=""-1""></div><div class=""ql-tooltip ql-hidden""><a class=""ql-preview"" target=""_blank"" href=""about:blank""></a><input type=""text"" data-formula=""e=mc^2"" data-link=""https://quilljs.com"" data-video=""Embed URL""><a class=""ql-action""></a><a class=""ql-remove""></a></div>","England","","<div class=""ql-editor ql-blank"" data-gramm=""false"" contenteditable=""true""><p><br></p></div><div class=""ql-clipboard"" contenteditable=""true"" tabindex=""-1""></div><div class=""ql-tooltip ql-hidden""><a class=""ql-preview"" target=""_blank"" href=""about:blank""></a><input type=""text"" data-formula=""e=mc^2"" data-link=""https://quilljs.com"" data-video=""Embed URL""><a class=""ql-action""></a><a class=""ql-remove""></a></div>","","<div class=""ql-editor ql-blank"" data-gramm=""false"" contenteditable=""true""><p><br></p></div><div class=""ql-clipboard"" contenteditable=""true"" tabindex=""-1""></div><div class=""ql-tooltip ql-hidden""><a class=""ql-preview"" target=""_blank"" href=""about:blank""></a><input type=""text"" data-formula=""e=mc^2"" data-link=""https://quilljs.com"" data-video=""Embed URL""><a class=""ql-action""></a><a class=""ql-remove""></a></div>","","38,95","","194,75kr/kg","","In Stock","200g","","Svamp","Skogschampinjoner"
"84","https://livsham2.softwarebyte.co/assets/images/product_image/5549.jpeg","Blomkål Klass 1","Frukt & grönt","Lager","<div class=""ql-editor ql-blank"" data-gramm=""false"" contenteditable=""true""><p><br></p></div><div class=""ql-clipboard"" contenteditable=""true"" tabindex=""-1""></div><div class=""ql-tooltip ql-hidden""><a class=""ql-preview"" target=""_blank"" href=""about:blank""></a><input type=""text"" data-formula=""e=mc^2"" data-link=""https://quilljs.com"" data-video=""Embed URL""><a class=""ql-action""></a><a class=""ql-remove""></a></div>","England","","<div class=""ql-editor ql-blank"" data-gramm=""false"" contenteditable=""true""><p><br></p></div><div class=""ql-clipboard"" contenteditable=""true"" tabindex=""-1""></div><div class=""ql-tooltip ql-hidden""><a class=""ql-preview"" target=""_blank"" href=""about:blank""></a><input type=""text"" data-formula=""e=mc^2"" data-link=""https://quilljs.com"" data-video=""Embed URL""><a class=""ql-action""></a><a class=""ql-remove""></a></div>","","<div class=""ql-editor ql-blank"" data-gramm=""false"" contenteditable=""true""><p><br></p></div><div class=""ql-clipboard"" contenteditable=""true"" tabindex=""-1""></div><div class=""ql-tooltip ql-hidden""><a class=""ql-preview"" target=""_blank"" href=""about:blank""></a><input type=""text"" data-formula=""e=mc^2"" data-link=""https://quilljs.com"" data-video=""Embed URL""><a class=""ql-action""></a><a class=""ql-remove""></a></div>","","23,34","","35,90 kr/kg","","In Stock","650g","","Grönsaker","Kål & broccoli"
"85","https://livsham2.softwarebyte.co/assets/images/product_image/60704.jpeg","Bifftomat Klass1","Frukt & grönt","Lager","","England","","","","","","13,95","","55,80 kr/kg","","In Stock","250g","","Grönsaker","Tomat"
"86","https://livsham2.softwarebyte.co/assets/images/product_image/49082.jpeg","Gräslök i Knippe Klass 1","Frukt & grönt","Lager","","England","","","","","","84,75","","847,50 kr/kg","","In Stock","100g","","Grönsaker","Örter och smaksättare"
"87","https://livsham2.softwarebyte.co/assets/images/product_image/53456.jpeg","Dill i knippe Klass 1","Frukt & grönt","Lager","<div class=""ql-editor ql-blank"" data-gramm=""false"" contenteditable=""true""><p><br></p></div><div class=""ql-clipboard"" contenteditable=""true"" tabindex=""-1""></div><div class=""ql-tooltip ql-hidden""><a class=""ql-preview"" target=""_blank"" href=""about:blank""></a><input type=""text"" data-formula=""e=mc^2"" data-link=""https://quilljs.com"" data-video=""Embed URL""><a class=""ql-action""></a><a class=""ql-remove""></a></div>","England","","<div class=""ql-editor ql-blank"" data-gramm=""false"" contenteditable=""true""><p><br></p></div><div class=""ql-clipboard"" contenteditable=""true"" tabindex=""-1""></div><div class=""ql-tooltip ql-hidden""><a class=""ql-preview"" target=""_blank"" href=""about:blank""></a><input type=""text"" data-formula=""e=mc^2"" data-link=""https://quilljs.com"" data-video=""Embed URL""><a class=""ql-action""></a><a class=""ql-remove""></a></div>","","<div class=""ql-editor ql-blank"" data-gramm=""false"" contenteditable=""true""><p><br></p></div><div class=""ql-clipboard"" contenteditable=""true"" tabindex=""-1""></div><div class=""ql-tooltip ql-hidden""><a class=""ql-preview"" target=""_blank"" href=""about:blank""></a><input type=""text"" data-formula=""e=mc^2"" data-link=""https://quilljs.com"" data-video=""Embed URL""><a class=""ql-action""></a><a class=""ql-remove""></a></div>","","169,50","","847,50 kr/kg","","In Stock","200g","","Grönsaker","Örter och smaksättare"
"88","https://livsham2.softwarebyte.co/assets/images/product_image/44111.jpeg","Morötter KRAV Klass 1","Frukt & grönt","Lager","","England","","","","","","18,95","","37,90 kr/kg","","In Stock","500g","","Rotfrukter","Morötter"
"89","https://livsham2.softwarebyte.co/assets/images/product_image/87757.jpg","Ströbröd Wasa","Skafferi","Lager","<div class=""ql-editor ql-blank"" data-gramm=""false"" contenteditable=""true""><p><br></p></div><div class=""ql-clipboard"" contenteditable=""true"" tabindex=""-1""></div><div class=""ql-tooltip ql-hidden""><a class=""ql-preview"" target=""_blank"" href=""about:blank""></a><input type=""text"" data-formula=""e=mc^2"" data-link=""https://quilljs.com"" data-video=""Embed URL""><a class=""ql-action""></a><a class=""ql-remove""></a></div>","England","","<div class=""ql-editor ql-blank"" data-gramm=""false"" contenteditable=""true""><p><br></p></div><div class=""ql-clipboard"" contenteditable=""true"" tabindex=""-1""></div><div class=""ql-tooltip ql-hidden""><a class=""ql-preview"" target=""_blank"" href=""about:blank""></a><input type=""text"" data-formula=""e=mc^2"" data-link=""https://quilljs.com"" data-video=""Embed URL""><a class=""ql-action""></a><a class=""ql-remove""></a></div>","","<div class=""ql-editor ql-blank"" data-gramm=""false"" contenteditable=""true""><p><br></p></div><div class=""ql-clipboard"" contenteditable=""true"" tabindex=""-1""></div><div class=""ql-tooltip ql-hidden""><a class=""ql-preview"" target=""_blank"" href=""about:blank""></a><input type=""text"" data-formula=""e=mc^2"" data-link=""https://quilljs.com"" data-video=""Embed URL""><a class=""ql-action""></a><a class=""ql-remove""></a></div>","","17,95","","44,88 kr/kg","","In Stock","400g","","Bakning","Övrigt bakning"
"90","https://livsham2.softwarebyte.co/assets/images/product_image/86362.jpg","Wafer Sticks Cocoa & Hazelnut","Skafferi","Lager","<div class=""ql-editor ql-blank"" data-gramm=""false"" contenteditable=""true""><p><br></p></div><div class=""ql-clipboard"" contenteditable=""true"" tabindex=""-1""></div><div class=""ql-tooltip ql-hidden""><a class=""ql-preview"" target=""_blank"" href=""about:blank""></a><input type=""text"" data-formula=""e=mc^2"" data-link=""https://quilljs.com"" data-video=""Embed URL""><a class=""ql-action""></a><a class=""ql-remove""></a></div>","England","1","<div class=""ql-editor"" data-gramm=""false"" contenteditable=""true""><p><br></p><p><br></p><p><br></p></div><div class=""ql-clipboard"" contenteditable=""true"" tabindex=""-1""></div><div class=""ql-tooltip ql-hidden""><a class=""ql-preview"" target=""_blank"" href=""about:blank""></a><input type=""text"" data-formula=""e=mc^2"" data-link=""https://quilljs.com"" data-video=""Embed URL""><a class=""ql-action""></a><a class=""ql-remove""></a></div>","","<div class=""ql-editor ql-blank"" data-gramm=""false"" contenteditable=""true""><p><br></p></div><div class=""ql-clipboard"" contenteditable=""true"" tabindex=""-1""></div><div class=""ql-tooltip ql-hidden""><a class=""ql-preview"" target=""_blank"" href=""about:blank""></a><input type=""text"" data-formula=""e=mc^2"" data-link=""https://quilljs.com"" data-video=""Embed URL""><a class=""ql-action""></a><a class=""ql-remove""></a></div>","","39,95","","99,88 kr/kg","","In Stock","400g","","Dessert & glasstillbehör","Glasstillbehör"
"91","https://livsham2.softwarebyte.co/assets/images/product_image/21501.jpg","Ketchup Felix","Skafferi","Lager","<div class=""ql-editor ql-blank"" data-gramm=""false"" contenteditable=""true""><p><br></p></div><div class=""ql-clipboard"" contenteditable=""true"" tabindex=""-1""></div><div class=""ql-tooltip ql-hidden""><a class=""ql-preview"" target=""_blank"" href=""about:blank""></a><input type=""text"" data-formula=""e=mc^2"" data-link=""https://quilljs.com"" data-video=""Embed URL""><a class=""ql-action""></a><a class=""ql-remove""></a></div>","England","","<div class=""ql-editor ql-blank"" data-gramm=""false"" contenteditable=""true""><p><br></p></div><div class=""ql-clipboard"" contenteditable=""true"" tabindex=""-1""></div><div class=""ql-tooltip ql-hidden""><a class=""ql-preview"" target=""_blank"" href=""about:blank""></a><input type=""text"" data-formula=""e=mc^2"" data-link=""https://quilljs.com"" data-video=""Embed URL""><a class=""ql-action""></a><a class=""ql-remove""></a></div>","","<div class=""ql-editor ql-blank"" data-gramm=""false"" contenteditable=""true""><p><br></p></div><div class=""ql-clipboard"" contenteditable=""true"" tabindex=""-1""></div><div class=""ql-tooltip ql-hidden""><a class=""ql-preview"" target=""_blank"" href=""about:blank""></a><input type=""text"" data-formula=""e=mc^2"" data-link=""https://quilljs.com"" data-video=""Embed URL""><a class=""ql-action""></a><a class=""ql-remove""></a></div>","","23,95","","47,90 kr/kg","","In Stock","500g","","Kryddor & smaksättare","Ketchup, senap & chilisås"
"92","https://livsham2.softwarebyte.co/assets/images/product_image/42292.jpg","Ketchup Hellman's","Skafferi","Lager","<div class=""ql-editor ql-blank"" data-gramm=""false"" contenteditable=""true""><p><br></p></div><div class=""ql-clipboard"" contenteditable=""true"" tabindex=""-1""></div><div class=""ql-tooltip ql-hidden""><a class=""ql-preview"" target=""_blank"" href=""about:blank""></a><input type=""text"" data-formula=""e=mc^2"" data-link=""https://quilljs.com"" data-video=""Embed URL""><a class=""ql-action""></a><a class=""ql-remove""></a></div>","England","","<div class=""ql-editor ql-blank"" data-gramm=""false"" contenteditable=""true""><p><br></p></div><div class=""ql-clipboard"" contenteditable=""true"" tabindex=""-1""></div><div class=""ql-tooltip ql-hidden""><a class=""ql-preview"" target=""_blank"" href=""about:blank""></a><input type=""text"" data-formula=""e=mc^2"" data-link=""https://quilljs.com"" data-video=""Embed URL""><a class=""ql-action""></a><a class=""ql-remove""></a></div>","","<div class=""ql-editor ql-blank"" data-gramm=""false"" contenteditable=""true""><p><br></p></div><div class=""ql-clipboard"" contenteditable=""true"" tabindex=""-1""></div><div class=""ql-tooltip ql-hidden""><a class=""ql-preview"" target=""_blank"" href=""about:blank""></a><input type=""text"" data-formula=""e=mc^2"" data-link=""https://quilljs.com"" data-video=""Embed URL""><a class=""ql-action""></a><a class=""ql-remove""></a></div>","","18,95","","","","In Stock","430g","","Kryddor & smaksättare","Ketchup, senap & chilisås"
"93","https://livsham2.softwarebyte.co/assets/images/product_image/97637.jpg","Senap original Slotts","Skafferi","Lager","<div class=""ql-editor"" data-gramm=""false"" contenteditable=""true""><p>Original Senap - en klassiker! Gjord på bara naturliga ingredienser och det självklara valet till korv, hamburgare, skinka, grillat och våra svenska högtider! Kan även användas som smaksättare i såser, grytor och dressingar. Gjord på bara naturliga ingredienser och det självklara valet till korv, hamburgare, skinka, grillat och våra svenska högtider!</p><p>Kan även användas som smaksättare i såser, grytor och dressingar.</p><p><br></p><p><strong>Innehållsförteckning </strong></p><p><strong>﻿</strong></p><p>Vatten, senapsfrö, ättiksprit, socker, salt, kryddor.</p></div><div class=""ql-clipboard"" contenteditable=""true"" tabindex=""-1""></div><div class=""ql-tooltip ql-hidden""><a class=""ql-preview"" target=""_blank"" href=""about:blank""></a><input type=""text"" data-formula=""e=mc^2"" data-link=""https://quilljs.com"" data-video=""Embed URL""><a class=""ql-action""></a><a class=""ql-remove""></a></div>","Tyskland","Vatten, senapsfrö, ättiksprit, socker, salt, kryddor.","<div class=""ql-editor"" data-gramm=""false"" contenteditable=""true""><p><strong>per 100 gram</strong></p><p>Energi 752 kJ/180 Kcal</p><p>Fett 7,0 g</p><p>- mättat fett 0,5 g</p><p>Kolhydrat 21,0 g</p><p>varav sockerarter 16,00 g</p><p>Protein 6,3 g</p><p>Salt 2,30 g</p><p><br></p></div><div class=""ql-clipboard"" contenteditable=""true"" tabindex=""-1""></div><div class=""ql-tooltip ql-hidden""><a class=""ql-preview"" target=""_blank"" href=""about:blank""></a><input type=""text"" data-formula=""e=mc^2"" data-link=""https://quilljs.com"" data-video=""Embed URL""><a class=""ql-action""></a><a class=""ql-remove""></a></div>","","<div class=""ql-editor"" data-gramm=""false"" contenteditable=""true""><p>Livshem har ambitionen att alltid ge rätt produkt information. Förändringar i produktens innehåll kan ske över tid, kontrollera därför alltid före användning informationen på produktens förpackning.</p></div><div class=""ql-clipboard"" contenteditable=""true"" tabindex=""-1""></div><div class=""ql-tooltip ql-hidden""><a class=""ql-preview"" target=""_blank"" href=""about:blank""></a><input type=""text"" data-formula=""e=mc^2"" data-link=""https://quilljs.com"" data-video=""Embed URL""><a class=""ql-action""></a><a class=""ql-remove""></a></div>","","0.774305556","","39:89kr/kg","","In Stock","450g","","Kryddor & smaksättare","Ketchup, senap & chilisås"
"94","https://livsham2.softwarebyte.co/assets/images/product_image/16906.jpeg","Brödsirap Dansukker","Skafferi","Lager","<div class=""ql-editor"" data-gramm=""false"" contenteditable=""true""><p><span style=""color: rgb(0, 0, 0);"">Brödsirap ersätter både den Ljusa och Mörka Brödsirapen som tidigare fanns i vårt sortiment. Brödsirap innehåller mera malt än tidigare, 20%, som gör matbröden ännu mustigare och saftigare. Malten hjälper till att förstärka sirapens goda bakegenskaper.&nbsp;Brödsirapen kan änvändas till både ljusa och mörka matbröd.</span></p><p><br></p><p><strong>Innehållsförteckning</strong> </p><p>﻿</p><p><span style=""color: rgb(0, 0, 0);"">Sirap, maltextrakt (20%). Maltextrakt härrör från spannmål som innehåller&nbsp;</span><strong style=""color: rgb(0, 0, 0);"">gluten</strong><span style=""color: rgb(0, 0, 0);"">.</span></p></div><div class=""ql-clipboard"" contenteditable=""true"" tabindex=""-1""></div><div class=""ql-tooltip ql-hidden""><a class=""ql-preview"" target=""_blank"" href=""about:blank""></a><input type=""text"" data-formula=""e=mc^2"" data-link=""https://quilljs.com"" data-video=""Embed URL""><a class=""ql-action""></a><a class=""ql-remove""></a></div>","Sverige","","<div class=""ql-editor"" data-gramm=""false"" contenteditable=""true""><p>per 100 gram</p><p>Energi <span style=""color: rgb(22, 62, 129);"">1309 kJ/308</span> Kcal</p><p>Fett 0,0 g</p><p>- mättat fett 0,0 g</p><p>Kolhydrat <span style=""color: rgb(22, 62, 129);"">76</span>,0 g</p><p>varav sockerarter 69,00 g</p><p>Protein 1,0 g</p><p>Salt 0,68 g</p></div><div class=""ql-clipboard"" contenteditable=""true"" tabindex=""-1""></div><div class=""ql-tooltip ql-hidden""><a class=""ql-preview"" target=""_blank"" href=""about:blank""></a><input type=""text"" data-formula=""e=mc^2"" data-link=""https://quilljs.com"" data-video=""Embed URL""><a class=""ql-action""></a><a class=""ql-remove""></a></div>","","<div class=""ql-editor"" data-gramm=""false"" contenteditable=""true""><p>Livshem har ambitionen att alltid ge rätt produkt information. Förändringar i produktens innehåll kan ske över tid, kontrollera därför alltid före användning informationen på produktens förpackning.</p></div><div class=""ql-clipboard"" contenteditable=""true"" tabindex=""-1""></div><div class=""ql-tooltip ql-hidden""><a class=""ql-preview"" target=""_blank"" href=""about:blank""></a><input type=""text"" data-formula=""e=mc^2"" data-link=""https://quilljs.com"" data-video=""Embed URL""><a class=""ql-action""></a><a class=""ql-remove""></a></div>","","21,95","","29,27 kr/kg","","In Stock","750g","","Bakning","Honung & Sirap"
"95","https://livsham2.softwarebyte.co/assets/images/product_image/50133.png","Potatismjöl Garant","Skafferi","Lager","<div class=""ql-editor"" data-gramm=""false"" contenteditable=""true""><p>Potatismjöl. Passar utmärkt till såser, soppor, krämer och smarriga bärpajer.</p><p><br></p><p><strong>Innehållsförteckning</strong> </p><p>﻿</p><p>Potatisstärkelse</p></div><div class=""ql-clipboard"" contenteditable=""true"" tabindex=""-1""></div><div class=""ql-tooltip ql-hidden""><a class=""ql-preview"" target=""_blank"" href=""about:blank""></a><input type=""text"" data-formula=""e=mc^2"" data-link=""https://quilljs.com"" data-video=""Embed URL""><a class=""ql-action""></a><a class=""ql-remove""></a></div>","Sverige","","<div class=""ql-editor"" data-gramm=""false"" contenteditable=""true""><p>per 100 gram</p><p>Energi&nbsp;1350 kJ/ 320 kcal</p><p>Fett&nbsp;0.5 g</p><p>- mättat fett 0,5 g</p><p>Kolhydrat&nbsp;79 g</p><p>varav sockerarter 0 g</p><p>Protein&nbsp;0.5 g</p><p>Salt&nbsp;0 g</p></div><div class=""ql-clipboard"" contenteditable=""true"" tabindex=""-1""></div><div class=""ql-tooltip ql-hidden""><a class=""ql-preview"" target=""_blank"" href=""about:blank""></a><input type=""text"" data-formula=""e=mc^2"" data-link=""https://quilljs.com"" data-video=""Embed URL""><a class=""ql-action""></a><a class=""ql-remove""></a></div>","","<div class=""ql-editor"" data-gramm=""false"" contenteditable=""true""><p>Livshem har ambitionen att alltid ge rätt produkt information. Förändringar i produktens innehåll kan ske över tid, kontrollera därför alltid före användning informationen på produktens förpackning.</p></div><div class=""ql-clipboard"" contenteditable=""true"" tabindex=""-1""></div><div class=""ql-tooltip ql-hidden""><a class=""ql-preview"" target=""_blank"" href=""about:blank""></a><input type=""text"" data-formula=""e=mc^2"" data-link=""https://quilljs.com"" data-video=""Embed URL""><a class=""ql-action""></a><a class=""ql-remove""></a></div>","","16,95","","33,90 kr/kg","","In Stock","500g","","Bakning","Mjöl"
"96","https://livsham2.softwarebyte.co/assets/images/product_image/26184.png","Svart te Lipton Yellow Label 100 pack","Dryck","Snabbgross","<div class=""ql-editor"" data-gramm=""false"" contenteditable=""true""><p>Lipton Svart Te Yellow Label är Sveriges mest druckna te och en självklarhet för såväl den inbitne tenjutaren som dig som bara unnar dig en kopp då och då.</p><p><em style=""background-color: rgb(255, 255, 255);"">Brygg ditt te</em></p><ul><li>Lägg tepåsen i koppen först, häll sedan över 20-30cl </li><li>vatten Använd syrerikt vatten, värmt till ca 95-100ºC </li><li>Låt påsen dra i ca 2-3 minuter, ligger den längre kan teet att smaka beskt</li></ul><p><br></p><p><br></p><p><strong>Innehållsförteckning </strong></p><p>﻿</p><p>Svart te med 5% pressat teblad</p></div><div class=""ql-clipboard"" contenteditable=""true"" tabindex=""-1""></div><div class=""ql-tooltip ql-hidden""><a class=""ql-preview"" target=""_blank"" href=""about:blank""></a><input type=""text"" data-formula=""e=mc^2"" data-link=""https://quilljs.com"" data-video=""Embed URL""><a class=""ql-action""></a><a class=""ql-remove""></a></div>","Poland","","<div class=""ql-editor"" data-gramm=""false"" contenteditable=""true""><p>per 100 gram</p><p>Energi 17 kJ/4 Kcal</p><p>Fett 0,5 g</p><p>- mättat fett 0,1 g</p><p>Kolhydrat 0,5 g</p><p>varav sockerarter 0,5 g</p><p>Protein 0,5 g</p><p>Salt 0,01 g</p></div><div class=""ql-clipboard"" contenteditable=""true"" tabindex=""-1""></div><div class=""ql-tooltip ql-hidden""><a class=""ql-preview"" target=""_blank"" href=""about:blank""></a><input type=""text"" data-formula=""e=mc^2"" data-link=""https://quilljs.com"" data-video=""Embed URL""><a class=""ql-action""></a><a class=""ql-remove""></a></div>","","<div class=""ql-editor"" data-gramm=""false"" contenteditable=""true""><p>Livshem har ambitionen att alltid ge rätt produkt information. Förändringar i produktens innehåll kan ske över tid, kontrollera därför alltid före användning informationen på produktens förpackning.</p></div><div class=""ql-clipboard"" contenteditable=""true"" tabindex=""-1""></div><div class=""ql-tooltip ql-hidden""><a class=""ql-preview"" target=""_blank"" href=""about:blank""></a><input type=""text"" data-formula=""e=mc^2"" data-link=""https://quilljs.com"" data-video=""Embed URL""><a class=""ql-action""></a><a class=""ql-remove""></a></div>","","35,95","","0,36 kr/st","","In Stock","100 st","","Te","Tepåsar"
"97","https://livsham2.softwarebyte.co/assets/images/product_image/36747.jpg","Svart te Rich Earl Grey 100-pack","Dryck","Snabbgross","<div class=""ql-editor"" data-gramm=""false"" contenteditable=""true""><p>Lipton Svart Te Rich Earl Grey är ett fylligt svart te smaksatt med citrusfrukten bergamott. Earl Grey är en teblandning som druckits i snart två sekel.</p><p><em>Brygg ditt te</em></p><ul><li>Lägg tepåsen i koppen först, häll sedan över 20-30cl vatten</li><li>Använd syrerikt vatten, värmt till ca 95-100ºC</li><li>Låt påsen dra i ca 2-3 minuter, ligger den längre kan teet att smaka beskt</li></ul><p><br></p><p><strong>Innehållsförteckning </strong></p><p>﻿</p><p>Svart te, arom.</p></div><div class=""ql-clipboard"" contenteditable=""true"" tabindex=""-1""></div><div class=""ql-tooltip ql-hidden""><a class=""ql-preview"" target=""_blank"" href=""about:blank""></a><input type=""text"" data-formula=""e=mc^2"" data-link=""https://quilljs.com"" data-video=""Embed URL""><a class=""ql-action""></a><a class=""ql-remove""></a></div>","Poland","","<div class=""ql-editor"" data-gramm=""false"" contenteditable=""true""><p>per 100 gram</p><p>Energi 17 kJ/4 Kcal</p><p>Fett 0,0 g</p><p>- mättat fett 0,0 g</p><p>Kolhydrat 0,5 g</p><p>varav sockerarter 0,5 g</p><p>Protein 0,5 g</p><p>Salt 0,00 g</p></div><div class=""ql-clipboard"" contenteditable=""true"" tabindex=""-1""></div><div class=""ql-tooltip ql-hidden""><a class=""ql-preview"" target=""_blank"" href=""about:blank""></a><input type=""text"" data-formula=""e=mc^2"" data-link=""https://quilljs.com"" data-video=""Embed URL""><a class=""ql-action""></a><a class=""ql-remove""></a></div>","","<div class=""ql-editor"" data-gramm=""false"" contenteditable=""true""><p>Livshem har ambitionen att alltid ge rätt produkt information. Förändringar i produktens innehåll kan ske över tid, kontrollera därför alltid före användning informationen på produktens förpackning.</p></div><div class=""ql-clipboard"" contenteditable=""true"" tabindex=""-1""></div><div class=""ql-tooltip ql-hidden""><a class=""ql-preview"" target=""_blank"" href=""about:blank""></a><input type=""text"" data-formula=""e=mc^2"" data-link=""https://quilljs.com"" data-video=""Embed URL""><a class=""ql-action""></a><a class=""ql-remove""></a></div>","","33,95","","0,34 kr/st","","In Stock","100 st","","Te","Tepåsar"
"98","https://livsham2.softwarebyte.co/assets/images/product_image/54948.png","Svart te Lipton Forest Fruit Pyramid 20 pack","Dryck","Snabbgross","<div class=""ql-editor"" data-gramm=""false"" contenteditable=""true""><h4>Lipton Black Tea Tropical Fruit i pyramidpåsar är ett svart te som kombinerar de finaste tebladen med en tropiskt fruktig smak från ananas och grapefrukt. Tepåsarnas pyramidform ska efterliknar en tesil och underlättar för det heta vattnet att strömma genom påsen på ett sätt som ger en riktigt smakrik kopp te.</h4><p>Låt teet dra i nykokt vatten (100°C) 2-3 minuter.</p><p><br></p><p><strong>Innehållsförteckning </strong></p><p><strong><span class=""ql-cursor"">﻿</span></strong></p><p>﻿<span style=""color: rgb(65, 66, 65);"">Ingredienser: Svart te, arom, ananas 2,3%, grapefruktskal 2,3%, socker.</span></p></div><div class=""ql-clipboard"" contenteditable=""true"" tabindex=""-1""></div><div class=""ql-tooltip ql-hidden""><a class=""ql-preview"" target=""_blank"" href=""about:blank""></a><input type=""text"" data-formula=""e=mc^2"" data-link=""https://quilljs.com"" data-video=""Embed URL""><a class=""ql-action""></a><a class=""ql-remove""></a></div>","Belgien","","<div class=""ql-editor"" data-gramm=""false"" contenteditable=""true""><p>per 100 gram</p><p>Energi 17 kJ/4 Kcal</p><p>Fett 0 g</p><p>- mättat fett 0 g</p><p>Kolhydrat 0,5 g</p><p>varav sockerarter 0,5 g</p><p>Protein 0,5 g</p><p>Salt 0 g</p></div><div class=""ql-clipboard"" contenteditable=""true"" tabindex=""-1""></div><div class=""ql-tooltip ql-hidden""><a class=""ql-preview"" target=""_blank"" href=""about:blank""></a><input type=""text"" data-formula=""e=mc^2"" data-link=""https://quilljs.com"" data-video=""Embed URL""><a class=""ql-action""></a><a class=""ql-remove""></a></div>","","<div class=""ql-editor"" data-gramm=""false"" contenteditable=""true""><p>Livshem har ambitionen att alltid ge rätt produkt information. Förändringar i produktens innehåll kan ske över tid, kontrollera därför alltid före användning informationen på produktens förpackning.</p></div><div class=""ql-clipboard"" contenteditable=""true"" tabindex=""-1""></div><div class=""ql-tooltip ql-hidden""><a class=""ql-preview"" target=""_blank"" href=""about:blank""></a><input type=""text"" data-formula=""e=mc^2"" data-link=""https://quilljs.com"" data-video=""Embed URL""><a class=""ql-action""></a><a class=""ql-remove""></a></div>","","18,95","","0,95 kr/st","","In Stock","20 st","","Te","Tepåsar"
"99","https://livsham2.softwarebyte.co/assets/images/product_image/61609.jpg","Svart te Twinings Earl Grey 100 pack","Dryck","Snabbgross","<div class=""ql-editor"" data-gramm=""false"" contenteditable=""true""><p><span style=""color: rgb(65, 66, 65);"">Twinings Earl Grey är originalet, blandat till Earl Grey den 2:e som var premiärminister i Storbritannien 1830.Svart te smaksatt med citrusfrukten Bergamott.</span></p><p><br></p><p><strong>Innehållsförteckning</strong> </p><p><br></p><p>Ingredienser: Svart te med bergamottarom (3%).</p></div><div class=""ql-clipboard"" contenteditable=""true"" tabindex=""-1""></div><div class=""ql-tooltip ql-hidden""><a class=""ql-preview"" target=""_blank"" href=""about:blank""></a><input type=""text"" data-formula=""e=mc^2"" data-link=""https://quilljs.com"" data-video=""Embed URL""><a class=""ql-action""></a><a class=""ql-remove""></a></div>","England","","<div class=""ql-editor"" data-gramm=""false"" contenteditable=""true""><p>per 100 gram</p><p>Energi 12 kJ/4 Kcal</p><p>Fett 0 g</p><p>- mättat fett 0 g</p><p>Kolhydrat 2,3 g</p><p>varav sockerarter 0,1 g</p><p>Protein 0 g</p><p>Salt 0 g</p></div><div class=""ql-clipboard"" contenteditable=""true"" tabindex=""-1""></div><div class=""ql-tooltip ql-hidden""><a class=""ql-preview"" target=""_blank"" href=""about:blank""></a><input type=""text"" data-formula=""e=mc^2"" data-link=""https://quilljs.com"" data-video=""Embed URL""><a class=""ql-action""></a><a class=""ql-remove""></a></div>","","<div class=""ql-editor"" data-gramm=""false"" contenteditable=""true""><p>Livshem har ambitionen att alltid ge rätt produkt information. Förändringar i produktens innehåll kan ske över tid, kontrollera därför alltid före användning informationen på produktens förpackning.</p></div><div class=""ql-clipboard"" contenteditable=""true"" tabindex=""-1""></div><div class=""ql-tooltip ql-hidden""><a class=""ql-preview"" target=""_blank"" href=""about:blank""></a><input type=""text"" data-formula=""e=mc^2"" data-link=""https://quilljs.com"" data-video=""Embed URL""><a class=""ql-action""></a><a class=""ql-remove""></a></div>","","95,00","","0,95 kr/st","","In Stock","100 st","","Te","Tepåsar"
"100","https://livsham2.softwarebyte.co/assets/images/product_image/90963.jpg","Svart te Lipton Taste Collection 40 pack","Dryck","Snabbgross","<div class=""ql-editor"" data-gramm=""false"" contenteditable=""true""><p>Lipton Svart Te Taste Collection är en kollektion med fyra av våra mest populära svarta fruktteer – Lipton Lemon, Blue Fruit, Forest Fruit och Blackcurrant.</p><p><em style=""background-color: rgb(255, 255, 255);"">Brygg ditt te</em></p><ul><li>Lägg tepåsen i koppen först, häll sedan över 20-30cl vatten</li><li>Använd syrerikt vatten, värmt till ca 95-100ºC</li><li>Låt påsen dra i ca 2-3 minuter, ligger den längre kan teet att smaka beskt</li></ul><p><br></p><p><strong>Innehållsförteckning</strong> </p><p>﻿</p><p><span style=""color: rgb(90, 90, 90);"">BLACKCURRANT: aromatiserat svart te. Svart te, arom, svartvinbär 2,7%. FOREST FRUIT: aromatiserat svart te. Svart te, arom, jordgubb 0.9%, hallon 0.6%, röda vinbär 0.6%, björnbär 0.3%, körsbär 0.3%. BLUE FRUIT: aromatiserat svart te. Svart te, arom, björnbär 0.9%, svart vinbär 0.9%, blåbär 0.6%, hallon 0.6%. LEMON: aromatiserat svart te. Svart te, arom, citrusskall 2,2%.</span></p></div><div class=""ql-clipboard"" contenteditable=""true"" tabindex=""-1""></div><div class=""ql-tooltip ql-hidden""><a class=""ql-preview"" target=""_blank"" href=""about:blank""></a><input type=""text"" data-formula=""e=mc^2"" data-link=""https://quilljs.com"" data-video=""Embed URL""><a class=""ql-action""></a><a class=""ql-remove""></a></div>","Poland","","<div class=""ql-editor"" data-gramm=""false"" contenteditable=""true""><p>per 100 gram</p><p>Energi 17 kJ/4 Kcal</p><p>Fett 0,5 g</p><p>- mättat fett 0,1 g</p><p>Kolhydrat 0,5 g</p><p>varav sockerarter 0,5 g</p><p>Protein 0,5 g</p><p>Salt 0,01 g</p></div><div class=""ql-clipboard"" contenteditable=""true"" tabindex=""-1""></div><div class=""ql-tooltip ql-hidden""><a class=""ql-preview"" target=""_blank"" href=""about:blank""></a><input type=""text"" data-formula=""e=mc^2"" data-link=""https://quilljs.com"" data-video=""Embed URL""><a class=""ql-action""></a><a class=""ql-remove""></a></div>","","<div class=""ql-editor"" data-gramm=""false"" contenteditable=""true""><p>Livshem har ambitionen att alltid ge rätt produkt information. Förändringar i produktens innehåll kan ske över tid, kontrollera därför alltid före användning informationen på produktens förpackning.</p></div><div class=""ql-clipboard"" contenteditable=""true"" tabindex=""-1""></div><div class=""ql-tooltip ql-hidden""><a class=""ql-preview"" target=""_blank"" href=""about:blank""></a><input type=""text"" data-formula=""e=mc^2"" data-link=""https://quilljs.com"" data-video=""Embed URL""><a class=""ql-action""></a><a class=""ql-remove""></a></div>","","35,95","","0,90 kr/st","","In Stock","40 st","","Te","Tepåsar"
"101","https://livsham2.softwarebyte.co/assets/images/product_image/79515.jpg","Cardamom Te Ahmad Tea 100 pack","Dryck","Snabbgross","<div class=""ql-editor"" data-gramm=""false"" contenteditable=""true""><p>Ahmad Tea Kardemumma är ett svart te med härlig smak av kardemumma. </p><p><br></p><p><strong>Innehållsförteckning </strong></p><p><strong>﻿</strong></p><p>Ingredienser: Svart te, kardemumma arom.</p><p><br></p><p><br></p></div><div class=""ql-clipboard"" contenteditable=""true"" tabindex=""-1""></div><div class=""ql-tooltip ql-hidden""><a class=""ql-preview"" target=""_blank"" href=""about:blank""></a><input type=""text"" data-formula=""e=mc^2"" data-link=""https://quilljs.com"" data-video=""Embed URL""><a class=""ql-action""></a><a class=""ql-remove""></a></div>","Sri Lanka","","<div class=""ql-editor ql-blank"" data-gramm=""false"" contenteditable=""true""><p><br></p></div><div class=""ql-clipboard"" contenteditable=""true"" tabindex=""-1""></div><div class=""ql-tooltip ql-hidden""><a class=""ql-preview"" target=""_blank"" href=""about:blank""></a><input type=""text"" data-formula=""e=mc^2"" data-link=""https://quilljs.com"" data-video=""Embed URL""><a class=""ql-action""></a><a class=""ql-remove""></a></div>","","<div class=""ql-editor ql-blank"" data-gramm=""false"" contenteditable=""true""><p><br></p></div><div class=""ql-clipboard"" contenteditable=""true"" tabindex=""-1""></div><div class=""ql-tooltip ql-hidden""><a class=""ql-preview"" target=""_blank"" href=""about:blank""></a><input type=""text"" data-formula=""e=mc^2"" data-link=""https://quilljs.com"" data-video=""Embed URL""><a class=""ql-action""></a><a class=""ql-remove""></a></div>","","54","","0,54 kr/st","","In Stock","100 st","","Te","Tepåsar"
"102","https://livsham2.softwarebyte.co/assets/images/product_image/8233.jpg","Grönt te Lipton Pyramid 20 pack","Dryck","Snabbgross","<div class=""ql-editor"" data-gramm=""false"" contenteditable=""true""><p><span style=""color: rgb(65, 66, 65);"">Lipton Green Tea Citrus 20-p är ett lätt och fräscht grönt te från Rainforest Alliance certifierade plantage i kuvertpåse. Njut av en kopp grönt te med en fräsch twist av citrusfrukter såsom citron, lime, apelsin och grapefrukt. Vi fyllt varje tepåse med unga fina teblad för att säkerställa den bästa möjliga smakupplevelsen.</span></p><p><br></p><p><strong>Innehållsförteckning </strong></p><p><br></p><p><span style=""color: rgb(65, 66, 65);"">Grönt te, arom, rosblad 1%.</span></p></div><div class=""ql-clipboard"" contenteditable=""true"" tabindex=""-1""></div><div class=""ql-tooltip ql-hidden""><a class=""ql-preview"" target=""_blank"" href=""about:blank""></a><input type=""text"" data-formula=""e=mc^2"" data-link=""https://quilljs.com"" data-video=""Embed URL""><a class=""ql-action""></a><a class=""ql-remove""></a></div>","Sverige","","<div class=""ql-editor"" data-gramm=""false"" contenteditable=""true""><p>per 100 gram</p><p>Energi 17 kJ/4 Kcal</p><p>Fett 0,5 g</p><p>- mättat fett 0,1 g</p><p>Kolhydrat 0,5 g</p><p>varav sockerarter 0,5 g</p><p>Protein 0,5 g</p><p>Salt 0,01 g</p></div><div class=""ql-clipboard"" contenteditable=""true"" tabindex=""-1""></div><div class=""ql-tooltip ql-hidden""><a class=""ql-preview"" target=""_blank"" href=""about:blank""></a><input type=""text"" data-formula=""e=mc^2"" data-link=""https://quilljs.com"" data-video=""Embed URL""><a class=""ql-action""></a><a class=""ql-remove""></a></div>","","<div class=""ql-editor"" data-gramm=""false"" contenteditable=""true""><p>Livshem har ambitionen att alltid ge rätt produkt information. Förändringar i produktens innehåll kan ske över tid, kontrollera därför alltid före användning informationen på produktens förpackning.</p></div><div class=""ql-clipboard"" contenteditable=""true"" tabindex=""-1""></div><div class=""ql-tooltip ql-hidden""><a class=""ql-preview"" target=""_blank"" href=""about:blank""></a><input type=""text"" data-formula=""e=mc^2"" data-link=""https://quilljs.com"" data-video=""Embed URL""><a class=""ql-action""></a><a class=""ql-remove""></a></div>","","18,95","","0,95 kr/st","","In Stock","20 st","","Te","Tepåsar"
"103","https://livsham2.softwarebyte.co/assets/images/product_image/83739.jpg","Färsk Mellanmjölk 1,5%","Mejeri, ost & ägg","Snabbgross","<div class=""ql-editor"" data-gramm=""false"" contenteditable=""true""><p><span style=""color: rgb(56, 66, 65);"">Färsk mellanmjölk från Arla, gjord på svensk mjölk från Arlagårdar nu med ännu bättre djuromsorg hela året runt. Mellanmjölk har en härligt fyllig mjölksmak och är ett populärt val till frukostflingorna, gröten eller som dryck till måltiden. Arla Ko® färsk mellanmjölk är en naturlig källa till bland annat protein, kalcium och vitamin B12. Protein bidrar till muskeluppbyggnad och kalcium behövs för att bibehålla en normal benstomme. Varumärket Arla Ko® garanterar att produkten är gjord på 100 procent svensk mjölk.</span></p><p><br></p><p><strong>Innehållsförteckning</strong> </p><p>MJÖLK, vitamin D. Lågpastöriserad.</p><p><br></p><h4><strong>Förvaringstemperatur</strong></h4><p>Förvaras vid högst +8°C</p><p><br></p></div><div class=""ql-clipboard"" contenteditable=""true"" tabindex=""-1""></div><div class=""ql-tooltip ql-hidden""><a class=""ql-preview"" target=""_blank"" href=""about:blank""></a><input type=""text"" data-formula=""e=mc^2"" data-link=""https://quilljs.com"" data-video=""Embed URL""><a class=""ql-action""></a><a class=""ql-remove""></a></div>","Sverige","","<div class=""ql-editor"" data-gramm=""false"" contenteditable=""true""><p>Typiska värden p<span style=""color: rgb(38, 38, 58);"">er 100 g:</span></p><p><span style=""color: rgb(38, 38, 58);"">Energi 200 kJ/45 kcal</span></p><p><span style=""color: rgb(38, 38, 58);"">Fett 1.5 g</span></p><p><span style=""color: rgb(38, 38, 58);"">-varav mättat fett 1 g</span></p><p><span style=""color: rgb(38, 38, 58);"">Kolhydrat 4.9 g</span></p><p><span style=""color: rgb(38, 38, 58);"">-varav sockerarter 4.9 g</span></p><p><span style=""color: rgb(38, 38, 58);"">Protein 3.5 g</span></p><p><span style=""color: rgb(38, 38, 58);"">Salt 0.1 g</span></p><p><span style=""color: rgb(38, 38, 58);"">Vitamin D 1 µg</span></p><p><span style=""color: rgb(38, 38, 58);"">Riboflavin 0.15 mg</span></p><p><span style=""color: rgb(38, 38, 58);"">Folsyra 15 µg</span></p><p><span style=""color: rgb(38, 38, 58);"">Vitamin B12 0.6 µg</span></p><p><span style=""color: rgb(38, 38, 58);"">Pantotensyra 0.5 mg</span></p><p><span style=""color: rgb(38, 38, 58);"">Kalium 160 mg</span></p><p><span style=""color: rgb(38, 38, 58);"">Klorid 95 mg</span></p><p><span style=""color: rgb(38, 38, 58);"">Kalcium 120 mg</span></p><p><span style=""color: rgb(38, 38, 58);"">Fosfor 105 mg</span></p><p><span style=""color: rgb(38, 38, 58);"">Molybden 4.7 µg</span></p><p><span style=""color: rgb(38, 38, 58);"">Jod 12 µg</span></p></div><div class=""ql-clipboard"" contenteditable=""true"" tabindex=""-1""></div><div class=""ql-tooltip ql-hidden""><a class=""ql-preview"" target=""_blank"" href=""about:blank""></a><input type=""text"" data-formula=""e=mc^2"" data-link=""https://quilljs.com"" data-video=""Embed URL""><a class=""ql-action""></a><a class=""ql-remove""></a></div>","","<div class=""ql-editor"" data-gramm=""false"" contenteditable=""true""><p>Livshem har ambitionen att alltid ge rätt produkt information. Förändringar i produktens innehåll kan ske över tid, kontrollera därför alltid före användning informationen på produktens förpackning.</p></div><div class=""ql-clipboard"" contenteditable=""true"" tabindex=""-1""></div><div class=""ql-tooltip ql-hidden""><a class=""ql-preview"" target=""_blank"" href=""about:blank""></a><input type=""text"" data-formula=""e=mc^2"" data-link=""https://quilljs.com"" data-video=""Embed URL""><a class=""ql-action""></a><a class=""ql-remove""></a></div>","","13,95","","13,95 kr/l","","In Stock","1 l","","Mjölk","Mellanmjölk"
"104","https://livsham2.softwarebyte.co/assets/images/product_image/41359.jpg","Färsk Mellanmjölk 1,5%","Mejeri, ost & ägg","Snabbgross","<div class=""ql-editor"" data-gramm=""false"" contenteditable=""true""><p><span style=""color: rgb(56, 66, 65);"">Färsk mellanmjölk från Arla, gjord på svensk mjölk från Arlagårdar nu med ännu bättre djuromsorg hela året runt. Mellanmjölk har en härligt fyllig mjölksmak och är ett populärt val till frukostflingorna, gröten eller som dryck till måltiden. Arla Ko® färsk mellanmjölk är en naturlig källa till bland annat protein, kalcium och vitamin B12. Protein bidrar till muskeluppbyggnad och kalcium behövs för att bibehålla en normal benstomme. Varumärket Arla Ko® garanterar att produkten är gjord på 100 procent svensk mjölk.</span></p><p><br></p><p><strong>Innehållsförteckning</strong> </p><p>MJÖLK, vitamin D. Lågpastöriserad.</p><p><br></p><h4><strong>Förvaringstemperatur</strong></h4><p>Förvaras vid högst +8°C</p><p><br></p></div><div class=""ql-clipboard"" contenteditable=""true"" tabindex=""-1""></div><div class=""ql-tooltip ql-hidden""><a class=""ql-preview"" target=""_blank"" href=""about:blank""></a><input type=""text"" data-formula=""e=mc^2"" data-link=""https://quilljs.com"" data-video=""Embed URL""><a class=""ql-action""></a><a class=""ql-remove""></a></div>","Sverige","","<div class=""ql-editor"" data-gramm=""false"" contenteditable=""true""><p>Typiska värden p<span style=""color: rgb(38, 38, 58);"">er 100 g:</span></p><p><span style=""color: rgb(38, 38, 58);"">Energi 200 kJ/45 kcal</span></p><p><span style=""color: rgb(38, 38, 58);"">Fett 1.5 g</span></p><p><span style=""color: rgb(38, 38, 58);"">-varav mättat fett 1 g</span></p><p><span style=""color: rgb(38, 38, 58);"">Kolhydrat 4.9 g</span></p><p><span style=""color: rgb(38, 38, 58);"">-varav sockerarter 4.9 g</span></p><p><span style=""color: rgb(38, 38, 58);"">Protein 3.5 g</span></p><p><span style=""color: rgb(38, 38, 58);"">Salt 0.1 g</span></p><p><span style=""color: rgb(38, 38, 58);"">Vitamin D 1 µg</span></p><p><span style=""color: rgb(38, 38, 58);"">Riboflavin 0.15 mg</span></p><p><span style=""color: rgb(38, 38, 58);"">Folsyra 15 µg</span></p><p><span style=""color: rgb(38, 38, 58);"">Vitamin B12 0.6 µg</span></p><p><span style=""color: rgb(38, 38, 58);"">Pantotensyra 0.5 mg</span></p><p><span style=""color: rgb(38, 38, 58);"">Kalium 160 mg</span></p><p><span style=""color: rgb(38, 38, 58);"">Klorid 95 mg</span></p><p><span style=""color: rgb(38, 38, 58);"">Kalcium 120 mg</span></p><p><span style=""color: rgb(38, 38, 58);"">Fosfor 105 mg</span></p><p><span style=""color: rgb(38, 38, 58);"">Molybden 4.7 µg</span></p><p><span style=""color: rgb(38, 38, 58);"">Jod 12 µg</span></p></div><div class=""ql-clipboard"" contenteditable=""true"" tabindex=""-1""></div><div class=""ql-tooltip ql-hidden""><a class=""ql-preview"" target=""_blank"" href=""about:blank""></a><input type=""text"" data-formula=""e=mc^2"" data-link=""https://quilljs.com"" data-video=""Embed URL""><a class=""ql-action""></a><a class=""ql-remove""></a></div>","","<div class=""ql-editor"" data-gramm=""false"" contenteditable=""true""><p>Livshem har ambitionen att alltid ge rätt produkt information. Förändringar i produktens innehåll kan ske över tid, kontrollera därför alltid före användning informationen på produktens förpackning.</p></div><div class=""ql-clipboard"" contenteditable=""true"" tabindex=""-1""></div><div class=""ql-tooltip ql-hidden""><a class=""ql-preview"" target=""_blank"" href=""about:blank""></a><input type=""text"" data-formula=""e=mc^2"" data-link=""https://quilljs.com"" data-video=""Embed URL""><a class=""ql-action""></a><a class=""ql-remove""></a></div>","","19,50","","13,00 kr/l","","In Stock","1,5 l","","Mjölk","Mellanmjölk"
"105","https://livsham2.softwarebyte.co/assets/images/product_image/7971.jpg","Ekologisk Färsk mellanmjölk 1,5%","Mejeri, ost & ägg","Snabbgross","<div class=""ql-editor"" data-gramm=""false"" contenteditable=""true""><p><span style=""color: rgb(56, 66, 65);"">Ekologisk mellanmjölk från Arla, gjord på svensk mjölk från Arlagårdar, har en härligt fyllig smak och är ett populärt val till frukostflingorna, gröten eller som dryck till måltiden. Arla Ko® ekologisk färsk mellanmjölk är en naturlig källa till bland annat protein, kalcium och vitamin B12. Protein bidrar till muskeluppbyggnad och kalcium behövs för att bibehålla en normal benstomme. Varumärket Arla Ko® garanterar att produkten är gjord på 100 procent svensk mjölk</span></p><p><br></p><p><strong>Innehållsförteckning</strong> </p><p>MJÖLK*, vitamin D. Lågpastöriserad. *KRAV- ekologisk ingrediens.</p><p><br></p><h4><strong>Förvaringstemperatur</strong></h4><p>Förvaras vid högst +8°C</p><p><br></p></div><div class=""ql-clipboard"" contenteditable=""true"" tabindex=""-1""></div><div class=""ql-tooltip ql-hidden""><a class=""ql-preview"" target=""_blank"" href=""about:blank""></a><input type=""text"" data-formula=""e=mc^2"" data-link=""https://quilljs.com"" data-video=""Embed URL""><a class=""ql-action""></a><a class=""ql-remove""></a></div>","Sverige","","<div class=""ql-editor"" data-gramm=""false"" contenteditable=""true""><p>Typiska värden p<span style=""color: rgb(38, 38, 58);"">er 100 g:</span></p><p><span style=""color: rgb(38, 38, 58);"">Energi 200 kJ/45 kcal</span></p><p><span style=""color: rgb(38, 38, 58);"">Fett 1.5 g</span></p><p><span style=""color: rgb(38, 38, 58);"">-varav mättat fett 1 g</span></p><p><span style=""color: rgb(38, 38, 58);"">Kolhydrat 4.9 g</span></p><p><span style=""color: rgb(38, 38, 58);"">-varav sockerarter 4.9 g</span></p><p><span style=""color: rgb(38, 38, 58);"">Protein 3.5 g</span></p><p><span style=""color: rgb(38, 38, 58);"">Salt 0.1 g</span></p><p><span style=""color: rgb(38, 38, 58);"">Vitamin D 1 µg</span></p><p><span style=""color: rgb(38, 38, 58);"">Riboflavin 0.15 mg</span></p><p><span style=""color: rgb(38, 38, 58);"">Folsyra 15 µg</span></p><p><span style=""color: rgb(38, 38, 58);"">Vitamin B12 0.6 µg</span></p><p><span style=""color: rgb(38, 38, 58);"">Pantotensyra 0.5 mg</span></p><p><span style=""color: rgb(38, 38, 58);"">Kalium 160 mg</span></p><p><span style=""color: rgb(38, 38, 58);"">Klorid 95 mg</span></p><p><span style=""color: rgb(38, 38, 58);"">Kalcium 120 mg</span></p><p><span style=""color: rgb(38, 38, 58);"">Fosfor 105 mg</span></p><p><span style=""color: rgb(38, 38, 58);"">Molybden 4.7 µg</span></p><p><span style=""color: rgb(38, 38, 58);"">Jod 12 µg</span></p></div><div class=""ql-clipboard"" contenteditable=""true"" tabindex=""-1""></div><div class=""ql-tooltip ql-hidden""><a class=""ql-preview"" target=""_blank"" href=""about:blank""></a><input type=""text"" data-formula=""e=mc^2"" data-link=""https://quilljs.com"" data-video=""Embed URL""><a class=""ql-action""></a><a class=""ql-remove""></a></div>","","<div class=""ql-editor"" data-gramm=""false"" contenteditable=""true""><p>Livshem har ambitionen att alltid ge rätt produkt information. Förändringar i produktens innehåll kan ske över tid, kontrollera därför alltid före användning informationen på produktens förpackning.</p></div><div class=""ql-clipboard"" contenteditable=""true"" tabindex=""-1""></div><div class=""ql-tooltip ql-hidden""><a class=""ql-preview"" target=""_blank"" href=""about:blank""></a><input type=""text"" data-formula=""e=mc^2"" data-link=""https://quilljs.com"" data-video=""Embed URL""><a class=""ql-action""></a><a class=""ql-remove""></a></div>","","14,95","","14,95 kr/l","","In Stock","1 l","","Mjölk","Mellanmjölk"
"106","https://livsham2.softwarebyte.co/assets/images/product_image/99157.jpg","Ekologisk färsk mellanmjölk 1,5%","Mejeri, ost & ägg","Snabbgross","<div class=""ql-editor"" data-gramm=""false"" contenteditable=""true""><p>Ekologisk mellanmjölk från Arla, gjord på svensk mjölk från Arlagårdar, har en härligt fyllig smak och är ett populärt val till frukostflingorna, gröten eller som dryck till måltiden. Arla Ko® ekologisk färsk mellanmjölk är en naturlig källa till bland annat protein, kalcium och vitamin B12. Protein bidrar till muskeluppbyggnad och kalcium behövs för att bibehålla en normal benstomme. Varumärket Arla Ko® garanterar att produkten är gjord på 100 procent svensk mjölk.</p><p><br></p><p><strong>Innehållsförteckning</strong> </p><p>MJÖLK, vitamin D. Lågpastöriserad.</p><p><br></p><h4><strong>Förvaringstemperatur</strong></h4><p>Förvaras vid högst +8°C</p><p><br></p></div><div class=""ql-clipboard"" contenteditable=""true"" tabindex=""-1""></div><div class=""ql-tooltip ql-hidden""><a class=""ql-preview"" target=""_blank"" href=""about:blank""></a><input type=""text"" data-formula=""e=mc^2"" data-link=""https://quilljs.com"" data-video=""Embed URL""><a class=""ql-action""></a><a class=""ql-remove""></a></div>","England","","<div class=""ql-editor"" data-gramm=""false"" contenteditable=""true""><p>Typiska värden p<span style=""color: rgb(38, 38, 58);"">er 100 g:</span></p><p><span style=""color: rgb(38, 38, 58);"">Energi 200 kJ/45 kcal</span></p><p><span style=""color: rgb(38, 38, 58);"">Fett 1.5 g</span></p><p><span style=""color: rgb(38, 38, 58);"">-varav mättat fett 1 g</span></p><p><span style=""color: rgb(38, 38, 58);"">Kolhydrat 4.9 g</span></p><p><span style=""color: rgb(38, 38, 58);"">-varav sockerarter 4.9 g</span></p><p><span style=""color: rgb(38, 38, 58);"">Protein 3.5 g</span></p><p><span style=""color: rgb(38, 38, 58);"">Salt 0.1 g</span></p><p><span style=""color: rgb(38, 38, 58);"">Vitamin D 1 µg</span></p><p><span style=""color: rgb(38, 38, 58);"">Riboflavin 0.15 mg</span></p><p><span style=""color: rgb(38, 38, 58);"">Folsyra 15 µg</span></p><p><span style=""color: rgb(38, 38, 58);"">Vitamin B12 0.6 µg</span></p><p><span style=""color: rgb(38, 38, 58);"">Pantotensyra 0.5 mg</span></p><p><span style=""color: rgb(38, 38, 58);"">Kalium 160 mg</span></p><p><span style=""color: rgb(38, 38, 58);"">Klorid 95 mg</span></p><p><span style=""color: rgb(38, 38, 58);"">Kalcium 120 mg</span></p><p><span style=""color: rgb(38, 38, 58);"">Fosfor 105 mg</span></p><p><span style=""color: rgb(38, 38, 58);"">Molybden 4.7 µg</span></p><p><span style=""color: rgb(38, 38, 58);"">Jod 12 µg</span></p></div><div class=""ql-clipboard"" contenteditable=""true"" tabindex=""-1""></div><div class=""ql-tooltip ql-hidden""><a class=""ql-preview"" target=""_blank"" href=""about:blank""></a><input type=""text"" data-formula=""e=mc^2"" data-link=""https://quilljs.com"" data-video=""Embed URL""><a class=""ql-action""></a><a class=""ql-remove""></a></div>","","<div class=""ql-editor"" data-gramm=""false"" contenteditable=""true""><p>Livshem har ambitionen att alltid ge rätt produkt information. Förändringar i produktens innehåll kan ske över tid, kontrollera därför alltid före användning informationen på produktens förpackning.</p></div><div class=""ql-clipboard"" contenteditable=""true"" tabindex=""-1""></div><div class=""ql-tooltip ql-hidden""><a class=""ql-preview"" target=""_blank"" href=""about:blank""></a><input type=""text"" data-formula=""e=mc^2"" data-link=""https://quilljs.com"" data-video=""Embed URL""><a class=""ql-action""></a><a class=""ql-remove""></a></div>","","21,50","","14,33 kr/l","","In Stock","1,5 l","","Mjölk","Mellanmjölk"
"107","https://livsham2.softwarebyte.co/assets/images/product_image/4206.jpg","Färsk standardmjölk 3,0%","Mejeri, ost & ägg","Snabbgross","<div class=""ql-editor"" data-gramm=""false"" contenteditable=""true""><p><span style=""color: rgb(56, 66, 65);"">Färsk standardmjölk från Arla, levererad av Arlabönder som är fast beslutna att göra det med mer omsorg om djuren och hänsyn till klimatet. Den fylliga smaken med inslag av grädde gör att mjölken passar i kaffe och kan med fördel användas i matlagningen. Mjölk är en naturlig källa till protein, kalcium och vitamin B12. Protein bidrar till muskeluppbyggnad och kalcium behövs för att bibehålla en normal benstomme. Varumärket Arla Ko® garanterar 100% svensk mjölk.</span></p><p><br></p><p><strong>Innehållsförteckning </strong></p><p>MJÖLK, vitamin D. Lågpastöriserad.</p><p><br></p><h4><strong>Förvaringstemperatur</strong></h4><p>Förvaras vid högst +8°C</p><p><br></p></div><div class=""ql-clipboard"" contenteditable=""true"" tabindex=""-1""></div><div class=""ql-tooltip ql-hidden""><a class=""ql-preview"" target=""_blank"" href=""about:blank""></a><input type=""text"" data-formula=""e=mc^2"" data-link=""https://quilljs.com"" data-video=""Embed URL""><a class=""ql-action""></a><a class=""ql-remove""></a></div>","Sverige","","<div class=""ql-editor"" data-gramm=""false"" contenteditable=""true""><p>Typiska värden p<span style=""color: rgb(38, 38, 58);"">er 100 g:</span></p><p><span style=""color: rgb(38, 38, 58);"">Energi 250 kJ/60 kcal</span></p><p><span style=""color: rgb(38, 38, 58);"">Fett 3 g</span></p><p><span style=""color: rgb(38, 38, 58);"">-varav mättat fett 1.9 g</span></p><p><span style=""color: rgb(38, 38, 58);"">Kolhydrat 4.8 g</span></p><p><span style=""color: rgb(38, 38, 58);"">-varav sockerarter 4.8 g</span></p><p><span style=""color: rgb(38, 38, 58);"">Protein 3.4 g</span></p><p><span style=""color: rgb(38, 38, 58);"">Salt 0.1 g</span></p><p><span style=""color: rgb(38, 38, 58);"">Vitamin D 1 µg</span></p><p><span style=""color: rgb(38, 38, 58);"">Riboflavin 0.15 mg</span></p><p><span style=""color: rgb(38, 38, 58);"">Folsyra 15 µg</span></p><p><span style=""color: rgb(38, 38, 58);"">Vitamin B12 0.6 µg</span></p><p><span style=""color: rgb(38, 38, 58);"">Pantotensyra 0.5 mg</span></p><p><span style=""color: rgb(38, 38, 58);"">Kalium 160 mg</span></p><p><span style=""color: rgb(38, 38, 58);"">Klorid 95 mg</span></p><p><span style=""color: rgb(38, 38, 58);"">Kalcium 120 mg</span></p><p><span style=""color: rgb(38, 38, 58);"">Fosfor 105 mg</span></p><p><span style=""color: rgb(38, 38, 58);"">Molybden 4.7 µg</span></p><p><span style=""color: rgb(38, 38, 58);"">Jod 12 µg</span></p></div><div class=""ql-clipboard"" contenteditable=""true"" tabindex=""-1""></div><div class=""ql-tooltip ql-hidden""><a class=""ql-preview"" target=""_blank"" href=""about:blank""></a><input type=""text"" data-formula=""e=mc^2"" data-link=""https://quilljs.com"" data-video=""Embed URL""><a class=""ql-action""></a><a class=""ql-remove""></a></div>","","<div class=""ql-editor"" data-gramm=""false"" contenteditable=""true""><p>Livshem har ambitionen att alltid ge rätt produkt information. Förändringar i produktens innehåll kan ske över tid, kontrollera därför alltid före användning informationen på produktens förpackning.</p></div><div class=""ql-clipboard"" contenteditable=""true"" tabindex=""-1""></div><div class=""ql-tooltip ql-hidden""><a class=""ql-preview"" target=""_blank"" href=""about:blank""></a><input type=""text"" data-formula=""e=mc^2"" data-link=""https://quilljs.com"" data-video=""Embed URL""><a class=""ql-action""></a><a class=""ql-remove""></a></div>","","14,40","","14,40 kr/l","","In Stock","1 l","","Mjölk","Standardmjölk"
"108","https://livsham2.softwarebyte.co/assets/images/product_image/15249.jpg","Färsk standardmjölk 3,0%","Mejeri, ost & ägg","Snabbgross","<div class=""ql-editor"" data-gramm=""false"" contenteditable=""true""><p><span style=""color: rgb(56, 66, 65);"">Färsk standardmjölk från Arla, levererad av Arlabönder som är fast beslutna att göra det med mer omsorg om djuren och hänsyn till klimatet. Den fylliga smaken med inslag av grädde gör att mjölken passar i kaffe och kan med fördel användas i matlagningen. Mjölk är en naturlig källa till protein, kalcium och vitamin B12. Protein bidrar till muskeluppbyggnad och kalcium behövs för att bibehålla en normal benstomme. Varumärket Arla Ko® garanterar 100% svensk mjölk.</span></p><p><br></p><p>Innehållsförteckning </p><p>MJÖLK, vitamin D. Lågpastöriserad.</p><p><br></p><h4>Förvaringstemperatur</h4><p>Förvaras vid högst +8°C</p></div><div class=""ql-clipboard"" contenteditable=""true"" tabindex=""-1""></div><div class=""ql-tooltip ql-hidden""><a class=""ql-preview"" target=""_blank"" href=""about:blank""></a><input type=""text"" data-formula=""e=mc^2"" data-link=""https://quilljs.com"" data-video=""Embed URL""><a class=""ql-action""></a><a class=""ql-remove""></a></div>","Sverige","","<div class=""ql-editor"" data-gramm=""false"" contenteditable=""true""><p>Typiska värden p<span style=""color: rgb(38, 38, 58);"">er 100 g:</span></p><p><span style=""color: rgb(38, 38, 58);"">Energi 250 kJ/60 kcal</span></p><p><span style=""color: rgb(38, 38, 58);"">Fett 3 g</span></p><p><span style=""color: rgb(38, 38, 58);"">-varav mättat fett 1.9 g</span></p><p><span style=""color: rgb(38, 38, 58);"">Kolhydrat 4.8 g</span></p><p><span style=""color: rgb(38, 38, 58);"">-varav sockerarter 4.8 g</span></p><p><span style=""color: rgb(38, 38, 58);"">Protein 3.4 g</span></p><p><span style=""color: rgb(38, 38, 58);"">Salt 0.1 g</span></p><p><span style=""color: rgb(38, 38, 58);"">Vitamin D 1 µg</span></p><p><span style=""color: rgb(38, 38, 58);"">Riboflavin 0.15 mg</span></p><p><span style=""color: rgb(38, 38, 58);"">Folsyra 15 µg</span></p><p><span style=""color: rgb(38, 38, 58);"">Vitamin B12 0.6 µg</span></p><p><span style=""color: rgb(38, 38, 58);"">Pantotensyra 0.5 mg</span></p><p><span style=""color: rgb(38, 38, 58);"">Kalium 160 mg</span></p><p><span style=""color: rgb(38, 38, 58);"">Klorid 95 mg</span></p><p><span style=""color: rgb(38, 38, 58);"">Kalcium 120 mg</span></p><p><span style=""color: rgb(38, 38, 58);"">Fosfor 105 mg</span></p><p><span style=""color: rgb(38, 38, 58);"">Molybden 4.7 µg</span></p><p><span style=""color: rgb(38, 38, 58);"">Jod 12 µg</span></p></div><div class=""ql-clipboard"" contenteditable=""true"" tabindex=""-1""></div><div class=""ql-tooltip ql-hidden""><a class=""ql-preview"" target=""_blank"" href=""about:blank""></a><input type=""text"" data-formula=""e=mc^2"" data-link=""https://quilljs.com"" data-video=""Embed URL""><a class=""ql-action""></a><a class=""ql-remove""></a></div>","","<div class=""ql-editor"" data-gramm=""false"" contenteditable=""true""><p>Livshem har ambitionen att alltid ge rätt produkt information. Förändringar i produktens innehåll kan ske över tid, kontrollera därför alltid före användning informationen på produktens förpackning.</p></div><div class=""ql-clipboard"" contenteditable=""true"" tabindex=""-1""></div><div class=""ql-tooltip ql-hidden""><a class=""ql-preview"" target=""_blank"" href=""about:blank""></a><input type=""text"" data-formula=""e=mc^2"" data-link=""https://quilljs.com"" data-video=""Embed URL""><a class=""ql-action""></a><a class=""ql-remove""></a></div>","","20,50","","13,67 kr/l","","In Stock","1,5 l","","Mjölk","Standardmjölk"
"109","https://livsham2.softwarebyte.co/assets/images/product_image/11684.jpg","Ekologisk färsk standardmjölk 3,0%","Mejeri, ost & ägg","Snabbgross","<div class=""ql-editor"" data-gramm=""false"" contenteditable=""true""><p>Ekologisk mjölk från Arla, gjord på svensk mjölk från Arlagårdar, har en rund och fyllig smak med tydligt inslag av grädde. Den goda smaken gör att mjölken passar extra bra i kaffe, te och choklad. Standardmjölk - röd mjölk - kan med fördel användas i matlagning, till bär och gröt. Arla Ko® ekologisk färsk mjölk är en naturlig källa till bland annat protein, kalcium och vitamin B12. Protein bidrar till muskeluppbyggnad och kalcium behövs för att bibehålla en normal benstomme. Varumärket Arla Ko® garanterar att produkten är gjord på 100 procent svensk mjölk.</p><p><br></p><p><strong>Innehållsförteckning</strong> </p><p>Mjölk*, vitamin D. *KRAV- ekologisk ingrediens. Lågpastöriserad.</p><p><br></p><h4><strong>Förvaringstemperatur</strong></h4><p>Förvaras vid högst +8°C</p><p><br></p></div><div class=""ql-clipboard"" contenteditable=""true"" tabindex=""-1""></div><div class=""ql-tooltip ql-hidden""><a class=""ql-preview"" target=""_blank"" href=""about:blank""></a><input type=""text"" data-formula=""e=mc^2"" data-link=""https://quilljs.com"" data-video=""Embed URL""><a class=""ql-action""></a><a class=""ql-remove""></a></div>","Sverige","","<div class=""ql-editor"" data-gramm=""false"" contenteditable=""true""><p>Typiska värden p<span style=""color: rgb(38, 38, 58);"">er 100 g:</span></p><p><span style=""color: rgb(38, 38, 58);"">Energi 250 kJ/60 kcal</span></p><p><span style=""color: rgb(38, 38, 58);"">Fett 3 g</span></p><p><span style=""color: rgb(38, 38, 58);"">-varav mättat fett 1.9 g</span></p><p><span style=""color: rgb(38, 38, 58);"">Kolhydrat 4.8 g</span></p><p><span style=""color: rgb(38, 38, 58);"">-varav sockerarter 4.8 g</span></p><p><span style=""color: rgb(38, 38, 58);"">Protein 3.4 g</span></p><p><span style=""color: rgb(38, 38, 58);"">Salt 0.1 g</span></p><p><span style=""color: rgb(38, 38, 58);"">Vitamin D 1 µg</span></p><p><span style=""color: rgb(38, 38, 58);"">Riboflavin 0.15 mg</span></p><p><span style=""color: rgb(38, 38, 58);"">Folsyra 15 µg</span></p><p><span style=""color: rgb(38, 38, 58);"">Vitamin B12 0.6 µg</span></p><p><span style=""color: rgb(38, 38, 58);"">Pantotensyra 0.5 mg</span></p><p><span style=""color: rgb(38, 38, 58);"">Kalium 160 mg</span></p><p><span style=""color: rgb(38, 38, 58);"">Klorid 95 mg</span></p><p><span style=""color: rgb(38, 38, 58);"">Kalcium 120 mg</span></p><p><span style=""color: rgb(38, 38, 58);"">Fosfor 105 mg</span></p><p><span style=""color: rgb(38, 38, 58);"">Molybden 4.7 µg</span></p><p><span style=""color: rgb(38, 38, 58);"">Jod 12 µg</span></p></div><div class=""ql-clipboard"" contenteditable=""true"" tabindex=""-1""></div><div class=""ql-tooltip ql-hidden""><a class=""ql-preview"" target=""_blank"" href=""about:blank""></a><input type=""text"" data-formula=""e=mc^2"" data-link=""https://quilljs.com"" data-video=""Embed URL""><a class=""ql-action""></a><a class=""ql-remove""></a></div>","","<div class=""ql-editor"" data-gramm=""false"" contenteditable=""true""><p>Livshem har ambitionen att alltid ge rätt produkt information. Förändringar i produktens innehåll kan ske över tid, kontrollera därför alltid före användning informationen på produktens förpackning.</p></div><div class=""ql-clipboard"" contenteditable=""true"" tabindex=""-1""></div><div class=""ql-tooltip ql-hidden""><a class=""ql-preview"" target=""_blank"" href=""about:blank""></a><input type=""text"" data-formula=""e=mc^2"" data-link=""https://quilljs.com"" data-video=""Embed URL""><a class=""ql-action""></a><a class=""ql-remove""></a></div>","","15,95","","15,95 kr/l","","In Stock","1 l","","Mjölk","Standardmjölk"
"110","https://livsham2.softwarebyte.co/assets/images/product_image/8638.jpg","Ekologisk färsk standardmjölk 3,0%","Mejeri, ost & ägg","Snabbgross","<div class=""ql-editor"" data-gramm=""false"" contenteditable=""true""><p>Ekologisk mjölk från Arla, gjord på svensk mjölk från Arlagårdar, har en rund och fyllig smak med tydligt inslag av grädde. Den goda smaken gör att mjölken passar extra bra i kaffe, te och choklad. Standardmjölk - röd mjölk - kan med fördel användas i matlagning, till bär och gröt. Arla Ko® ekologisk färsk mjölk är en naturlig källa till bland annat protein, kalcium och vitamin B12. Protein bidrar till muskeluppbyggnad och kalcium behövs för att bibehålla en normal benstomme. Varumärket Arla Ko® garanterar att produkten är gjord på 100 procent svensk mjölk.</p><p><br></p><p><strong>Innehållsförteckning</strong> </p><p>Mjölk*, vitamin D. *KRAV- ekologisk ingrediens. Lågpastöriserad.</p><p><br></p><h4><strong>Förvaringstemperatur</strong></h4><p>Förvaras vid högst +8°C</p></div><div class=""ql-clipboard"" contenteditable=""true"" tabindex=""-1""></div><div class=""ql-tooltip ql-hidden""><a class=""ql-preview"" target=""_blank"" href=""about:blank""></a><input type=""text"" data-formula=""e=mc^2"" data-link=""https://quilljs.com"" data-video=""Embed URL""><a class=""ql-action""></a><a class=""ql-remove""></a></div>","Sverige","","<div class=""ql-editor"" data-gramm=""false"" contenteditable=""true""><p>Typiska värden p<span style=""color: rgb(38, 38, 58);"">er 100 g:</span></p><p><span style=""color: rgb(38, 38, 58);"">Energi 250 kJ/60 kcal</span></p><p><span style=""color: rgb(38, 38, 58);"">Fett 3 g</span></p><p><span style=""color: rgb(38, 38, 58);"">-varav mättat fett 1.9 g</span></p><p><span style=""color: rgb(38, 38, 58);"">Kolhydrat 4.8 g</span></p><p><span style=""color: rgb(38, 38, 58);"">-varav sockerarter 4.8 g</span></p><p><span style=""color: rgb(38, 38, 58);"">Protein 3.4 g</span></p><p><span style=""color: rgb(38, 38, 58);"">Salt 0.1 g</span></p><p><span style=""color: rgb(38, 38, 58);"">Vitamin D 1 µg</span></p><p><span style=""color: rgb(38, 38, 58);"">Riboflavin 0.15 mg</span></p><p><span style=""color: rgb(38, 38, 58);"">Folsyra 15 µg</span></p><p><span style=""color: rgb(38, 38, 58);"">Vitamin B12 0.6 µg</span></p><p><span style=""color: rgb(38, 38, 58);"">Pantotensyra 0.5 mg</span></p><p><span style=""color: rgb(38, 38, 58);"">Kalium 160 mg</span></p><p><span style=""color: rgb(38, 38, 58);"">Klorid 95 mg</span></p><p><span style=""color: rgb(38, 38, 58);"">Kalcium 120 mg</span></p><p><span style=""color: rgb(38, 38, 58);"">Fosfor 105 mg</span></p><p><span style=""color: rgb(38, 38, 58);"">Molybden 4.7 µg</span></p><p><span style=""color: rgb(38, 38, 58);"">Jod 12 µg</span></p></div><div class=""ql-clipboard"" contenteditable=""true"" tabindex=""-1""></div><div class=""ql-tooltip ql-hidden""><a class=""ql-preview"" target=""_blank"" href=""about:blank""></a><input type=""text"" data-formula=""e=mc^2"" data-link=""https://quilljs.com"" data-video=""Embed URL""><a class=""ql-action""></a><a class=""ql-remove""></a></div>","","<div class=""ql-editor"" data-gramm=""false"" contenteditable=""true""><p>Livshem har ambitionen att alltid ge rätt produkt information. Förändringar i produktens innehåll kan ske över tid, kontrollera därför alltid före användning informationen på produktens förpackning.</p></div><div class=""ql-clipboard"" contenteditable=""true"" tabindex=""-1""></div><div class=""ql-tooltip ql-hidden""><a class=""ql-preview"" target=""_blank"" href=""about:blank""></a><input type=""text"" data-formula=""e=mc^2"" data-link=""https://quilljs.com"" data-video=""Embed URL""><a class=""ql-action""></a><a class=""ql-remove""></a></div>","","23,18","","15,45 kr/l","","In Stock","1,5 l","","Mjölk","Standardmjölk"
"111","https://livsham2.softwarebyte.co/assets/images/product_image/83026.jpg","Laktosfri mellanmjölk 1,5%","Mejeri, ost & ägg","Snabbgross","<div class=""ql-editor"" data-gramm=""false"" contenteditable=""true""><p>Laktosfri mellanmjölkdryck gjord på svensk mjölk från Arlagårdar.&nbsp;Mellanmjölkdrycken är framtagen för vuxna och barn med laktosintolerans och är därför fri från laktos. Den har en fyllig mjölksmak och är ett populärt val till frukostgröt, müsli och flingor men även som dryck till maten eller efter träning.&nbsp;Arla Ko® laktosfri mellanmjölkdryck&nbsp;är en naturlig källa till bland annat protein, kalcium och vitamin B12. Protein bidrar till muskeluppbyggnad och kalcium behövs för att bibehålla en normal benstomme. Varumärket Arla Ko® garanterar att produkten är gjord på 100 procent svensk mjölk.</p><p><br></p><p><strong>Innehållsförteckning</strong> </p><p>MJÖLK, laktasenzym, vitamin D. Högpastöriserad.</p><p><br></p><h4><strong>Förvaringstemperatur</strong></h4><p>Förvaras vid högst +8°C</p></div><div class=""ql-clipboard"" contenteditable=""true"" tabindex=""-1""></div><div class=""ql-tooltip ql-hidden""><a class=""ql-preview"" target=""_blank"" href=""about:blank""></a><input type=""text"" data-formula=""e=mc^2"" data-link=""https://quilljs.com"" data-video=""Embed URL""><a class=""ql-action""></a><a class=""ql-remove""></a></div>","Sverige","","<div class=""ql-editor"" data-gramm=""false"" contenteditable=""true""><p>Typiska värden p<span style=""color: rgb(38, 38, 58);"">er 100 g:</span></p><p><span style=""color: rgb(38, 38, 58);"">Energi 160 kJ/40 kcal</span></p><p><span style=""color: rgb(38, 38, 58);"">Fett 1.5 g</span></p><p><span style=""color: rgb(38, 38, 58);"">-varav mättat fett 1 g</span></p><p><span style=""color: rgb(38, 38, 58);"">Kolhydrat 2.7 g</span></p><p><span style=""color: rgb(38, 38, 58);"">-varav sockerarter 2.7 g</span></p><p><span style=""color: rgb(38, 38, 58);"">Protein 3.6 g</span></p><p><span style=""color: rgb(38, 38, 58);"">Salt 0.1 g</span></p><p><span style=""color: rgb(38, 38, 58);"">Vitamin D 1 µg</span></p><p><span style=""color: rgb(38, 38, 58);"">Riboflavin 0.15 mg</span></p><p><span style=""color: rgb(38, 38, 58);"">Vitamin B12 0.6 µg</span></p><p><span style=""color: rgb(38, 38, 58);"">Kalcium 120 mg</span></p><p><span style=""color: rgb(38, 38, 58);"">Laktos 0 g</span></p></div><div class=""ql-clipboard"" contenteditable=""true"" tabindex=""-1""></div><div class=""ql-tooltip ql-hidden""><a class=""ql-preview"" target=""_blank"" href=""about:blank""></a><input type=""text"" data-formula=""e=mc^2"" data-link=""https://quilljs.com"" data-video=""Embed URL""><a class=""ql-action""></a><a class=""ql-remove""></a></div>","","<div class=""ql-editor"" data-gramm=""false"" contenteditable=""true""><p>Livshem har ambitionen att alltid ge rätt produkt information. Förändringar i produktens innehåll kan ske över tid, kontrollera därför alltid före användning informationen på produktens förpackning.</p></div><div class=""ql-clipboard"" contenteditable=""true"" tabindex=""-1""></div><div class=""ql-tooltip ql-hidden""><a class=""ql-preview"" target=""_blank"" href=""about:blank""></a><input type=""text"" data-formula=""e=mc^2"" data-link=""https://quilljs.com"" data-video=""Embed URL""><a class=""ql-action""></a><a class=""ql-remove""></a></div>","","20,95","","20,95 kr/l","","In Stock","1 l","","Mjölk","Laktosfri mjölk"
"112","https://livsham2.softwarebyte.co/assets/images/product_image/17176.jpg","Laktosfri mellanmjölk 1,5%","Mejeri, ost & ägg","Snabbgross","<div class=""ql-editor"" data-gramm=""false"" contenteditable=""true""><p>Laktosfri mellanmjölkdryck gjord på svensk mjölk från Arlagårdar.&nbsp;Mellanmjölkdrycken är framtagen för vuxna och barn med laktosintolerans och är därför fri från laktos. Den har en fyllig mjölksmak och är ett populärt val till frukostgröt, müsli och flingor men även som dryck till maten eller efter träning.&nbsp;Arla Ko® laktosfri mellanmjölkdryck&nbsp;är en naturlig källa till bland annat protein, kalcium och vitamin B12. Protein bidrar till muskeluppbyggnad och kalcium behövs för att bibehålla en normal benstomme. Varumärket Arla Ko® garanterar att produkten är gjord på 100 procent svensk mjölk.</p><p><br></p><p><strong>Innehållsförteckning</strong> </p><p>MJÖLK, laktasenzym, vitamin D. Högpastöriserad.</p><p><br></p><h4><strong>Förvaringstemperatur</strong></h4><p>Förvaras vid högst +8°C</p></div><div class=""ql-clipboard"" contenteditable=""true"" tabindex=""-1""></div><div class=""ql-tooltip ql-hidden""><a class=""ql-preview"" target=""_blank"" href=""about:blank""></a><input type=""text"" data-formula=""e=mc^2"" data-link=""https://quilljs.com"" data-video=""Embed URL""><a class=""ql-action""></a><a class=""ql-remove""></a></div>","Sverige","","<div class=""ql-editor"" data-gramm=""false"" contenteditable=""true""><p>Typiska värden p<span style=""color: rgb(38, 38, 58);"">er 100 g:</span></p><p><span style=""color: rgb(38, 38, 58);"">Energi 160 kJ/40 kcal</span></p><p><span style=""color: rgb(38, 38, 58);"">Fett 1.5 g</span></p><p><span style=""color: rgb(38, 38, 58);"">-varav mättat fett 1 g</span></p><p><span style=""color: rgb(38, 38, 58);"">Kolhydrat 2.7 g</span></p><p><span style=""color: rgb(38, 38, 58);"">-varav sockerarter 2.7 g</span></p><p><span style=""color: rgb(38, 38, 58);"">Protein 3.6 g</span></p><p><span style=""color: rgb(38, 38, 58);"">Salt 0.1 g</span></p><p><span style=""color: rgb(38, 38, 58);"">Vitamin D 1 µg</span></p><p><span style=""color: rgb(38, 38, 58);"">Riboflavin 0.15 mg</span></p><p><span style=""color: rgb(38, 38, 58);"">Vitamin B12 0.6 µg</span></p><p><span style=""color: rgb(38, 38, 58);"">Kalcium 120 mg</span></p><p><span style=""color: rgb(38, 38, 58);"">Laktos 0 g</span></p></div><div class=""ql-clipboard"" contenteditable=""true"" tabindex=""-1""></div><div class=""ql-tooltip ql-hidden""><a class=""ql-preview"" target=""_blank"" href=""about:blank""></a><input type=""text"" data-formula=""e=mc^2"" data-link=""https://quilljs.com"" data-video=""Embed URL""><a class=""ql-action""></a><a class=""ql-remove""></a></div>","","<div class=""ql-editor"" data-gramm=""false"" contenteditable=""true""><p>Livshem har ambitionen att alltid ge rätt produkt information. Förändringar i produktens innehåll kan ske över tid, kontrollera därför alltid före användning informationen på produktens förpackning.</p></div><div class=""ql-clipboard"" contenteditable=""true"" tabindex=""-1""></div><div class=""ql-tooltip ql-hidden""><a class=""ql-preview"" target=""_blank"" href=""about:blank""></a><input type=""text"" data-formula=""e=mc^2"" data-link=""https://quilljs.com"" data-video=""Embed URL""><a class=""ql-action""></a><a class=""ql-remove""></a></div>","","25,95","","17,30 kr/l","","In Stock","1,5 l","","Mjölk","Laktosfri mjölk"
"113","https://livsham2.softwarebyte.co/assets/images/product_image/38233.jpg","Laktosfri Standardmjölk 3,0%","Mejeri, ost & ägg","Snabbgross","<div class=""ql-editor"" data-gramm=""false"" contenteditable=""true""><p>Laktosfri mjölkdryck gjord på svensk mjölk från Arlagårdar. Mjölkdrycken är framtagen för vuxna och barn med laktosintolerans och är därför fri från laktos.&nbsp;Smaken är rund och fyllig med tydligt inslag av grädde vilket gör att den&nbsp;passar extra bra i kaffe, te och varm choklad. Mjölkdrycken passar också i matlagning, till bär och till din favoritgröt.&nbsp;Arla Ko® laktosfri mjölkdryck är en naturlig källa till bland annat protein, kalcium och vitamin B12. Protein bidrar till muskeluppbyggnad och kalcium behövs för att bibehålla en normal benstomme. Varumärket Arla Ko® garanterar att produkten är gjord på 100 procent svensk mjölk.</p><p><br></p><p><strong>Innehållsförteckning</strong> </p><p>MJÖLK, laktasenzym, vitamin D Högpastöriserad.</p><p><br></p><h4><strong>Förvaringstemperatur</strong></h4><p>Förvaras vid högst +8°C</p></div><div class=""ql-clipboard"" contenteditable=""true"" tabindex=""-1""></div><div class=""ql-tooltip ql-hidden""><a class=""ql-preview"" target=""_blank"" href=""about:blank""></a><input type=""text"" data-formula=""e=mc^2"" data-link=""https://quilljs.com"" data-video=""Embed URL""><a class=""ql-action""></a><a class=""ql-remove""></a></div>","Sverige","","<div class=""ql-editor"" data-gramm=""false"" contenteditable=""true""><p>Typiska värden p<span style=""color: rgb(38, 38, 58);"">er 100 g:</span></p><p><span style=""color: rgb(38, 38, 58);"">Energi 220 kJ/50 kcal</span></p><p><span style=""color: rgb(38, 38, 58);"">Fett 3 g</span></p><p><span style=""color: rgb(38, 38, 58);"">-varav mättat fett 1.9 g</span></p><p><span style=""color: rgb(38, 38, 58);"">Kolhydrat 2.7 g</span></p><p><span style=""color: rgb(38, 38, 58);"">-varav sockerarter 2.7 g</span></p><p><span style=""color: rgb(38, 38, 58);"">Protein 3.6 g</span></p><p><span style=""color: rgb(38, 38, 58);"">Salt 0.1 g</span></p><p><span style=""color: rgb(38, 38, 58);"">Vitamin D 1 µg</span></p><p><span style=""color: rgb(38, 38, 58);"">Riboflavin 0.15 mg</span></p><p><span style=""color: rgb(38, 38, 58);"">Vitamin B12 0.6 µg</span></p><p><span style=""color: rgb(38, 38, 58);"">Kalcium 120 mg</span></p><p><span style=""color: rgb(38, 38, 58);"">Laktos 0 g</span></p></div><div class=""ql-clipboard"" contenteditable=""true"" tabindex=""-1""></div><div class=""ql-tooltip ql-hidden""><a class=""ql-preview"" target=""_blank"" href=""about:blank""></a><input type=""text"" data-formula=""e=mc^2"" data-link=""https://quilljs.com"" data-video=""Embed URL""><a class=""ql-action""></a><a class=""ql-remove""></a></div>","","<div class=""ql-editor"" data-gramm=""false"" contenteditable=""true""><p>Livshem har ambitionen att alltid ge rätt produkt information. Förändringar i produktens innehåll kan ske över tid, kontrollera därför alltid före användning informationen på produktens förpackning.</p></div><div class=""ql-clipboard"" contenteditable=""true"" tabindex=""-1""></div><div class=""ql-tooltip ql-hidden""><a class=""ql-preview"" target=""_blank"" href=""about:blank""></a><input type=""text"" data-formula=""e=mc^2"" data-link=""https://quilljs.com"" data-video=""Embed URL""><a class=""ql-action""></a><a class=""ql-remove""></a></div>","","20,95","","20,95 kr/l","","In Stock","1 l","","Mjölk","Laktosfri mjölk"
"114","https://livsham2.softwarebyte.co/assets/images/product_image/74279.jpg","Laktosfri Standardmjölk 3,0%","Mejeri, ost & ägg","Snabbgross","<div class=""ql-editor"" data-gramm=""false"" contenteditable=""true""><p>Laktosfri mjölkdryck gjord på svensk mjölk från Arlagårdar. Mjölkdrycken är framtagen för vuxna och barn med laktosintolerans och är därför fri från laktos.&nbsp;Smaken är rund och fyllig med tydligt inslag av grädde vilket gör att den&nbsp;passar extra bra i kaffe, te och varm choklad. Mjölkdrycken passar också i matlagning, till bär och till din favoritgröt.&nbsp;Arla Ko® laktosfri mjölkdryck är en naturlig källa till bland annat protein, kalcium och vitamin B12. Protein bidrar till muskeluppbyggnad och kalcium behövs för att bibehålla en normal benstomme. Varumärket Arla Ko® garanterar att produkten är gjord på 100 procent svensk mjölk.</p><p><br></p><p><strong>Innehållsförteckning</strong> </p><p>MJÖLK, laktasenzym, vitamin D Högpastöriserad.</p><p><br></p><h4><strong>Förvaringstemperatur</strong></h4><p>Förvaras vid högst +8°C</p></div><div class=""ql-clipboard"" contenteditable=""true"" tabindex=""-1""></div><div class=""ql-tooltip ql-hidden""><a class=""ql-preview"" target=""_blank"" href=""about:blank""></a><input type=""text"" data-formula=""e=mc^2"" data-link=""https://quilljs.com"" data-video=""Embed URL""><a class=""ql-action""></a><a class=""ql-remove""></a></div>","Sverige","","<div class=""ql-editor"" data-gramm=""false"" contenteditable=""true""><p>Typiska värden p<span style=""color: rgb(38, 38, 58);"">er 100 g:</span></p><p><span style=""color: rgb(38, 38, 58);"">Energi 220 kJ/50 kcal</span></p><p><span style=""color: rgb(38, 38, 58);"">Fett 3 g</span></p><p><span style=""color: rgb(38, 38, 58);"">-varav mättat fett 1.9 g</span></p><p><span style=""color: rgb(38, 38, 58);"">Kolhydrat 2.7 g</span></p><p><span style=""color: rgb(38, 38, 58);"">-varav sockerarter 2.7 g</span></p><p><span style=""color: rgb(38, 38, 58);"">Protein 3.6 g</span></p><p><span style=""color: rgb(38, 38, 58);"">Salt 0.1 g</span></p><p><span style=""color: rgb(38, 38, 58);"">Vitamin D 1 µg</span></p><p><span style=""color: rgb(38, 38, 58);"">Riboflavin 0.15 mg</span></p><p><span style=""color: rgb(38, 38, 58);"">Vitamin B12 0.6 µg</span></p><p><span style=""color: rgb(38, 38, 58);"">Kalcium 120 mg</span></p><p><span style=""color: rgb(38, 38, 58);"">Laktos 0 g</span></p></div><div class=""ql-clipboard"" contenteditable=""true"" tabindex=""-1""></div><div class=""ql-tooltip ql-hidden""><a class=""ql-preview"" target=""_blank"" href=""about:blank""></a><input type=""text"" data-formula=""e=mc^2"" data-link=""https://quilljs.com"" data-video=""Embed URL""><a class=""ql-action""></a><a class=""ql-remove""></a></div>","","<div class=""ql-editor"" data-gramm=""false"" contenteditable=""true""><p>Livshem har ambitionen att alltid ge rätt produkt information. Förändringar i produktens innehåll kan ske över tid, kontrollera därför alltid före användning informationen på produktens förpackning.</p></div><div class=""ql-clipboard"" contenteditable=""true"" tabindex=""-1""></div><div class=""ql-tooltip ql-hidden""><a class=""ql-preview"" target=""_blank"" href=""about:blank""></a><input type=""text"" data-formula=""e=mc^2"" data-link=""https://quilljs.com"" data-video=""Embed URL""><a class=""ql-action""></a><a class=""ql-remove""></a></div>","","25,95","","17,30 kr/l","","In Stock","1,5 l","","Mjölk","Laktosfri mjölk"
"115","https://livsham2.softwarebyte.co/assets/images/product_image/34228.jpg","Havredryck mellan 1,5%","Mejeri, ost & ägg","Snabbgross","<div class=""ql-editor"" data-gramm=""false"" contenteditable=""true""><p>Havredryck mellan 1,5% kan du hälla på gröten, på flingorna eller dricka direkt ur förpackningen när ingen ser dig. Men nu till den stora nyheten… *trumvirvel* … den funkar i kaffet! Säg hej då till klumpar, sorger och besvär. Annars är det mest gammal skåpmat för dig som har koll på våra produkter: Havre, vatten, rapsolja och en gnutta salt.</p><p><br></p><p><strong>Innehållsförteckning </strong></p><p><span style=""color: rgb(0, 0, 0);"">Vatten, HAVRE 10%, rapsolja, surhetsreglerande medel (dikaliumfosfat), mineraler (kalciumkarbonat, kaliumjodid), salt, vitaminer (D2, riboflavin, B12).</span></p><h4><br></h4><h4><strong>﻿Förvaringstemperatur</strong></h4><p>Oöppnad förpackning kan förvaras i rumstemperatur. </p><p>Öppnad förpackning förvaras som kylvara vid högst +8°C.</p><p><br></p><p><br></p></div><div class=""ql-clipboard"" contenteditable=""true"" tabindex=""-1""></div><div class=""ql-tooltip ql-hidden""><a class=""ql-preview"" target=""_blank"" href=""about:blank""></a><input type=""text"" data-formula=""e=mc^2"" data-link=""https://quilljs.com"" data-video=""Embed URL""><a class=""ql-action""></a><a class=""ql-remove""></a></div>","Sverige","","<div class=""ql-editor"" data-gramm=""false"" contenteditable=""true""><p>Per 100 ml:</p><p>Energi 200 kJ/48 kcal</p><p>Fett 1.5 g</p><p>- Varav mättat fett 0.2 g</p><p>Kolhydrat 7.0 g</p><p>- Varav sockerarter 3.4 g</p><p>Fiber 0.8 g</p><p>Protein 1.1 g</p><p>Salt 0.10 g</p><p>Vitamin D 1.1 ?g</p><p>Vitamin B12 0.38 ?g</p><p>Kalcium 120 mg</p><p>Jod 22.5 µg</p><p>Riboflavin 0.21 mg</p><p><br></p></div><div class=""ql-clipboard"" contenteditable=""true"" tabindex=""-1""></div><div class=""ql-tooltip ql-hidden""><a class=""ql-preview"" target=""_blank"" href=""about:blank""></a><input type=""text"" data-formula=""e=mc^2"" data-link=""https://quilljs.com"" data-video=""Embed URL""><a class=""ql-action""></a><a class=""ql-remove""></a></div>","","<div class=""ql-editor"" data-gramm=""false"" contenteditable=""true""><p>Livshem har ambitionen att alltid ge rätt produkt information. Förändringar i produktens innehåll kan ske över tid, kontrollera därför alltid före användning informationen på produktens förpackning.</p></div><div class=""ql-clipboard"" contenteditable=""true"" tabindex=""-1""></div><div class=""ql-tooltip ql-hidden""><a class=""ql-preview"" target=""_blank"" href=""about:blank""></a><input type=""text"" data-formula=""e=mc^2"" data-link=""https://quilljs.com"" data-video=""Embed URL""><a class=""ql-action""></a><a class=""ql-remove""></a></div>","","21,95","","21,95 kr/l","","In Stock","1 l","","Växtbaserad mjölk","Havredryck"
"116","https://livsham2.softwarebyte.co/assets/images/product_image/24161.jpg","Havredryck iKaffe 3%","Mejeri, ost & ägg","Snabbgross","<div class=""ql-editor"" data-gramm=""false"" contenteditable=""true""><p>En havredryck perfekt att skumma i kaffet. 3% fetthalt.</p><p><span style=""color: rgb(0, 0, 0);"">Tillhör du oss som gillar att ha en skvätt med något gräddigt i sin mörkbryggda dryck så klarar den här produkten av det med bravur utan att skära sig.&nbsp;</span></p><p><br></p><p><strong>Innehållsförteckning</strong> </p><p>Vatten, HAVRE 10%, rapsolja, surhetsreglerande medel (dikaliumfosfat), mineraler (kalciumkarbonat, kaliumjodid), salt, vitaminer (D2, riboflavin, B12).</p><h4><br></h4><h4>﻿<strong>Förvaringstemperatur</strong></h4><p>Oöppnad förpackning kan förvaras i rumstemperatur, men <span style=""color: rgb(0, 0, 0);"">trivs bäst i kylen.</span></p><p>Öppnad förpackning förvaras som kylvara vid högst +8°C.</p><p><br></p></div><div class=""ql-clipboard"" contenteditable=""true"" tabindex=""-1""></div><div class=""ql-tooltip ql-hidden""><a class=""ql-preview"" target=""_blank"" href=""about:blank""></a><input type=""text"" data-formula=""e=mc^2"" data-link=""https://quilljs.com"" data-video=""Embed URL""><a class=""ql-action""></a><a class=""ql-remove""></a></div>","Sverige","","<div class=""ql-editor"" data-gramm=""false"" contenteditable=""true""><p><span style=""color: rgb(38, 38, 58);"">Per 100 ml:</span></p><p><span style=""color: rgb(38, 38, 58);"">Energi 247 kJ/59 kcal</span></p><p><span style=""color: rgb(38, 38, 58);"">Fett 3 g</span></p><p><span style=""color: rgb(38, 38, 58);"">-varav mättat fett 0.3 g</span></p><p><span style=""color: rgb(38, 38, 58);"">Kolhydrat 6.6 g</span></p><p><span style=""color: rgb(38, 38, 58);"">-varav sockerarter 4 g</span></p><p><span style=""color: rgb(38, 38, 58);"">Fiber 0.8 g</span></p><p><span style=""color: rgb(38, 38, 58);"">Protein 1 g</span></p><p><span style=""color: rgb(38, 38, 58);"">Salt 0.1 g</span></p><p><span style=""color: rgb(38, 38, 58);"">Vitamin D 1.1 µg</span></p><p><span style=""color: rgb(38, 38, 58);"">Riboflavin 0.21 mg</span></p><p><span style=""color: rgb(38, 38, 58);"">Vitamin B12 0.38 µg</span></p><p><span style=""color: rgb(38, 38, 58);"">Kalcium 120 mg</span></p><p><span style=""color: rgb(38, 38, 58);"">Jod 22.5 µg</span></p></div><div class=""ql-clipboard"" contenteditable=""true"" tabindex=""-1""></div><div class=""ql-tooltip ql-hidden""><a class=""ql-preview"" target=""_blank"" href=""about:blank""></a><input type=""text"" data-formula=""e=mc^2"" data-link=""https://quilljs.com"" data-video=""Embed URL""><a class=""ql-action""></a><a class=""ql-remove""></a></div>","","<div class=""ql-editor"" data-gramm=""false"" contenteditable=""true""><p>Livshem har ambitionen att alltid ge rätt produkt information. Förändringar i produktens innehåll kan ske över tid, kontrollera därför alltid före användning informationen på produktens förpackning.</p></div><div class=""ql-clipboard"" contenteditable=""true"" tabindex=""-1""></div><div class=""ql-tooltip ql-hidden""><a class=""ql-preview"" target=""_blank"" href=""about:blank""></a><input type=""text"" data-formula=""e=mc^2"" data-link=""https://quilljs.com"" data-video=""Embed URL""><a class=""ql-action""></a><a class=""ql-remove""></a></div>","","21,95","","21,95 kr/l","","In Stock","1 l","","Växtbaserad mjölk","Havredryck"
"117","https://livsham2.softwarebyte.co/assets/images/product_image/85948.jpg","Havredryck deluxe färsk 2,8%","Mejeri, ost & ägg","Snabbgross","<div class=""ql-editor"" data-gramm=""false"" contenteditable=""true""><p>Havredryck deluxe färsk 2,8% kan du hälla på gröten, på flingorna eller dricka direkt ur förpackningen när ingen ser dig. Säg hej då till klumpar, sorger och besvär. Annars är det mest gammal skåpmat för dig som har koll på våra produkter: Havre, vatten, rapsolja och en gnutta salt.</p><p><br></p><p>Innehållsförteckning </p><p>Vatten, HAVRE 10%, rapsolja, surhetsreglerande medel (dikaliumfosfat), mineraler (kalciumkarbonat, kaliumjodid), salt, vitaminer (D2, riboflavin, B12).&nbsp;</p><p><br></p></div><div class=""ql-clipboard"" contenteditable=""true"" tabindex=""-1""></div><div class=""ql-tooltip ql-hidden""><a class=""ql-preview"" target=""_blank"" href=""about:blank""></a><input type=""text"" data-formula=""e=mc^2"" data-link=""https://quilljs.com"" data-video=""Embed URL""><a class=""ql-action""></a><a class=""ql-remove""></a></div>","Sverige","","<div class=""ql-editor"" data-gramm=""false"" contenteditable=""true""><p>Per 100 g:</p><p>Energi 239 kJ/57 kcal</p><p>Fett 2.8 g</p><p>-varav mättat fett 0.3 g</p><p>Kolhydrat 6.6 g</p><p>-varav sockerarter 4.1 g</p><p>Fiber 0.8 g</p><p>Protein 1 g</p><p>Salt 0.1 g</p><p>Vitamin D 1.1 µg</p><p>Vitamin B12 0.38 µg</p><p>Kalcium 120 mg</p><p>Jod 22.5 µg</p><p><br></p></div><div class=""ql-clipboard"" contenteditable=""true"" tabindex=""-1""></div><div class=""ql-tooltip ql-hidden""><a class=""ql-preview"" target=""_blank"" href=""about:blank""></a><input type=""text"" data-formula=""e=mc^2"" data-link=""https://quilljs.com"" data-video=""Embed URL""><a class=""ql-action""></a><a class=""ql-remove""></a></div>","","<div class=""ql-editor"" data-gramm=""false"" contenteditable=""true""><p>Livshem har ambitionen att alltid ge rätt produkt information. Förändringar i produktens innehåll kan ske över tid, kontrollera därför alltid före användning informationen på produktens förpackning.</p></div><div class=""ql-clipboard"" contenteditable=""true"" tabindex=""-1""></div><div class=""ql-tooltip ql-hidden""><a class=""ql-preview"" target=""_blank"" href=""about:blank""></a><input type=""text"" data-formula=""e=mc^2"" data-link=""https://quilljs.com"" data-video=""Embed URL""><a class=""ql-action""></a><a class=""ql-remove""></a></div>","","21,95","","21,95 kr/l","","In Stock","1 L","","Växtbaserad mjölk","Havredryck"
"118","https://livsham2.softwarebyte.co/assets/images/product_image/53318.jpg","Havredryck Choklad 1,5%","Mejeri, ost & ägg","Snabbgross","<div class=""ql-editor"" data-gramm=""false"" contenteditable=""true""><p><span style=""color: rgb(38, 38, 58);"">Havredryck Choklad 1,5% 1L från Oatly</span></p><p><br></p><p><strong>Innehållsförteckning</strong> </p><p>Vatten, HAVRE 10%, socker 3%, rapsolja, kakaopulver 1,3%, mineraler (kalciumkarbonat, kalciumfosfater, kaliumjodid), naturliga aromer, salt, vitaminer (D2, riboflavin, B12).&nbsp;</p><h4><br></h4><h4>﻿<strong>Förvaringstemperatur</strong></h4><p>Oöppnad förpackning kan förvaras i rumstemperatur. </p><p>Öppnad förpackning förvaras som kylvara vid högst +8°C.</p></div><div class=""ql-clipboard"" contenteditable=""true"" tabindex=""-1""></div><div class=""ql-tooltip ql-hidden""><a class=""ql-preview"" target=""_blank"" href=""about:blank""></a><input type=""text"" data-formula=""e=mc^2"" data-link=""https://quilljs.com"" data-video=""Embed URL""><a class=""ql-action""></a><a class=""ql-remove""></a></div>","Sverige","","<div class=""ql-editor"" data-gramm=""false"" contenteditable=""true""><p><span style=""color: rgb(38, 38, 58);"">Per 100 ml:</span></p><p><span style=""color: rgb(38, 38, 58);"">Energi 256 kJ/61 kcal</span></p><p><span style=""color: rgb(38, 38, 58);"">Fett 1.5 g</span></p><p><span style=""color: rgb(38, 38, 58);"">-varav mättat fett 0.2 g</span></p><p><span style=""color: rgb(38, 38, 58);"">Kolhydrat 10 g</span></p><p><span style=""color: rgb(38, 38, 58);"">-varav sockerarter 7.5 g</span></p><p><span style=""color: rgb(38, 38, 58);"">Fiber 1.1 g</span></p><p><span style=""color: rgb(38, 38, 58);"">Protein 1.2 g</span></p><p><span style=""color: rgb(38, 38, 58);"">Salt 0.16 g</span></p><p><span style=""color: rgb(38, 38, 58);"">Vitamin D 1.1 µg</span></p><p><span style=""color: rgb(38, 38, 58);"">Riboflavin 0.21 mg</span></p><p><span style=""color: rgb(38, 38, 58);"">Vitamin B12 0.38 µg</span></p><p><span style=""color: rgb(38, 38, 58);"">Kalcium 120 mg</span></p><p><span style=""color: rgb(38, 38, 58);"">Jod 22.5 µg</span></p></div><div class=""ql-clipboard"" contenteditable=""true"" tabindex=""-1""></div><div class=""ql-tooltip ql-hidden""><a class=""ql-preview"" target=""_blank"" href=""about:blank""></a><input type=""text"" data-formula=""e=mc^2"" data-link=""https://quilljs.com"" data-video=""Embed URL""><a class=""ql-action""></a><a class=""ql-remove""></a></div>","","<div class=""ql-editor"" data-gramm=""false"" contenteditable=""true""><p>Livshem har ambitionen att alltid ge rätt produkt information. Förändringar i produktens innehåll kan ske över tid, kontrollera därför alltid före användning informationen på produktens förpackning.</p></div><div class=""ql-clipboard"" contenteditable=""true"" tabindex=""-1""></div><div class=""ql-tooltip ql-hidden""><a class=""ql-preview"" target=""_blank"" href=""about:blank""></a><input type=""text"" data-formula=""e=mc^2"" data-link=""https://quilljs.com"" data-video=""Embed URL""><a class=""ql-action""></a><a class=""ql-remove""></a></div>","","18,50","","18,50 kr/l","","In Stock","1 l","","Växtbaserad mjölk","Havredryck"
"119","https://livsham2.softwarebyte.co/assets/images/product_image/194.jpg","iMat 13%","Mejeri, ost & ägg","Snabbgross","<div class=""ql-editor"" data-gramm=""false"" contenteditable=""true""><p>iMat, används precis som vanlig matlagningsgrädde. Kan användas både varm och kall.</p><p><br></p><p><strong>Innehållsförteckning</strong> </p><h4><span style=""color: rgb(0, 0, 0);"">Vatten, rapsolja, HAVRE 10%, emulgeringsmedel (E472e), stabiliseringsmedel (E415), joderat salt.</span></h4><p><br></p></div><div class=""ql-clipboard"" contenteditable=""true"" tabindex=""-1""></div><div class=""ql-tooltip ql-hidden""><a class=""ql-preview"" target=""_blank"" href=""about:blank""></a><input type=""text"" data-formula=""e=mc^2"" data-link=""https://quilljs.com"" data-video=""Embed URL""><a class=""ql-action""></a><a class=""ql-remove""></a></div>","Sverige","","<div class=""ql-editor"" data-gramm=""false"" contenteditable=""true""><p><span style=""color: rgb(38, 38, 58);"">Per 100 ml:</span></p><p><span style=""color: rgb(38, 38, 58);"">Energi 600 kJ/150 kcal</span></p><p><span style=""color: rgb(38, 38, 58);"">Fett 13 g</span></p><p><span style=""color: rgb(38, 38, 58);"">-varav mättat fett 1.6 g</span></p><p><span style=""color: rgb(38, 38, 58);"">Kolhydrat 5.8 g</span></p><p><span style=""color: rgb(38, 38, 58);"">-varav sockerarter 3.6 g</span></p><p><span style=""color: rgb(38, 38, 58);"">Fiber 0.8 g</span></p><p><span style=""color: rgb(38, 38, 58);"">Protein 0.9 g</span></p><p><span style=""color: rgb(38, 38, 58);"">Salt 0.11 g</span></p></div><div class=""ql-clipboard"" contenteditable=""true"" tabindex=""-1""></div><div class=""ql-tooltip ql-hidden""><a class=""ql-preview"" target=""_blank"" href=""about:blank""></a><input type=""text"" data-formula=""e=mc^2"" data-link=""https://quilljs.com"" data-video=""Embed URL""><a class=""ql-action""></a><a class=""ql-remove""></a></div>","","<div class=""ql-editor"" data-gramm=""false"" contenteditable=""true""><p>Livshem har ambitionen att alltid ge rätt produkt information. Förändringar i produktens innehåll kan ske över tid, kontrollera därför alltid före användning informationen på produktens förpackning.</p></div><div class=""ql-clipboard"" contenteditable=""true"" tabindex=""-1""></div><div class=""ql-tooltip ql-hidden""><a class=""ql-preview"" target=""_blank"" href=""about:blank""></a><input type=""text"" data-formula=""e=mc^2"" data-link=""https://quilljs.com"" data-video=""Embed URL""><a class=""ql-action""></a><a class=""ql-remove""></a></div>","","28,95","","28,95 kr/l","","In Stock","1 l","","Grädde &  Creme fraiche","Matlagningsgrädde"
"120","https://livsham2.softwarebyte.co/assets/images/product_image/84274.jpg","Herrgård mild 28%","Mejeri, ost & ägg","Annat","<div class=""ql-editor"" data-gramm=""false"" contenteditable=""true""><p>Arla Ko® Herrgård® är gräddig och söt med krämig och fast konsistens. Smaken är mild med toner av hasselnöt. Hyvla osten som pålägg till fruktbröd eller bita upp och bara ät den som den är. Herrgård® började tillverkas på 1800-talet och är än idag en av de mest omtyckta ostarna. Vår Arla Ko® Herrgård® görs på Kalmar mejeri på färsk mjölk från svenska Arlagårdar. Varumärket Arla Ko® garanterar att osten är gjord på 100 procent svensk mjölk.</p><p><br></p><p><strong>Innehållsförteckning</strong> </p><p>Pastöriserad MJÖLK, salt, syrningskultur, ystenzym, kalciumklorid, konserveringsmedel E202.</p><h3><br></h3><h3><strong>Förvaring</strong></h3><h3>Förvaras kyld <span style=""background-color: rgb(249, 249, 249); color: rgb(56, 66, 65);"">vid högst +10°C</span></h3><p><br></p></div><div class=""ql-clipboard"" contenteditable=""true"" tabindex=""-1""></div><div class=""ql-tooltip ql-hidden""><a class=""ql-preview"" target=""_blank"" href=""about:blank""></a><input type=""text"" data-formula=""e=mc^2"" data-link=""https://quilljs.com"" data-video=""Embed URL""><a class=""ql-action""></a><a class=""ql-remove""></a></div>","Sverige","","<div class=""ql-editor"" data-gramm=""false"" contenteditable=""true""><p><span style=""color: rgb(38, 38, 58);"">Per 100 g:</span></p><p><span style=""color: rgb(38, 38, 58);"">Energi 1493 kJ/360 kcal</span></p><p><span style=""color: rgb(38, 38, 58);"">Fett 28 g</span></p><p><span style=""color: rgb(38, 38, 58);"">-varav mättat fett 18 g</span></p><p><span style=""color: rgb(38, 38, 58);"">Kolhydrat 0 g</span></p><p><span style=""color: rgb(38, 38, 58);"">-varav sockerarter 0 g</span></p><p><span style=""color: rgb(38, 38, 58);"">Protein 26 g</span></p><p><span style=""color: rgb(38, 38, 58);"">Salt 1.3 g</span></p><p><span style=""color: rgb(38, 38, 58);"">Vitamin B12 1.5 µg</span></p><p><span style=""color: rgb(38, 38, 58);"">Kalcium 774 mg</span></p></div><div class=""ql-clipboard"" contenteditable=""true"" tabindex=""-1""></div><div class=""ql-tooltip ql-hidden""><a class=""ql-preview"" target=""_blank"" href=""about:blank""></a><input type=""text"" data-formula=""e=mc^2"" data-link=""https://quilljs.com"" data-video=""Embed URL""><a class=""ql-action""></a><a class=""ql-remove""></a></div>","","<div class=""ql-editor"" data-gramm=""false"" contenteditable=""true""><p>Livshem har ambitionen att alltid ge rätt produkt information. Förändringar i produktens innehåll kan ske över tid, kontrollera därför alltid före användning informationen på produktens förpackning.</p></div><div class=""ql-clipboard"" contenteditable=""true"" tabindex=""-1""></div><div class=""ql-tooltip ql-hidden""><a class=""ql-preview"" target=""_blank"" href=""about:blank""></a><input type=""text"" data-formula=""e=mc^2"" data-link=""https://quilljs.com"" data-video=""Embed URL""><a class=""ql-action""></a><a class=""ql-remove""></a></div>","","91,25","","125,00 kr/kg","","In Stock","Ca 730 g","","Ost","Påläggsost"
"121","https://livsham2.softwarebyte.co/assets/images/product_image/61404.jpg","Präst mellan 31%","Mejeri, ost & ägg","Annat","<div class=""ql-editor"" data-gramm=""false"" contenteditable=""true""><p><span style=""color: rgb(56, 66, 65);"">Vår goda Arla Ko® Präst® är härligt gräddig, med inslag av sälta, sötma &amp; behaglig syrlighet. Osten passar bra både på smörgås eller i din lasagne. Präst® har sina rötter i 1700-talets Småland. Namnet kommer av att osten fungerade som betalningsmedel när det var dags att betala kyrkoskatt till prästen. Vid ystningen tillsatte man lite extra grädde för att blidka prästen och än i dag är Präst® lite fetare än andra ostar. Vår Arla Ko® Präst® görs på Kalmar mejeri på färsk mjölk från svenska Arlagårdar. Varumärket Arla Ko® garanterar att osten är gjord på 100 procent svensk mjölk.</span></p><p><br></p><p><strong>Innehållsförteckning </strong></p><p>Pastöriserad MJÖLK, salt, syrningskultur, ystenzym, kalciumklorid, konserveringsmedel E202.</p><p><br></p><p><strong>Förvaring</strong></p><p>Förvaras kyld <span style=""color: rgb(56, 66, 65); background-color: rgb(249, 249, 249);"">vid högst +10°C</span></p></div><div class=""ql-clipboard"" contenteditable=""true"" tabindex=""-1""></div><div class=""ql-tooltip ql-hidden""><a class=""ql-preview"" target=""_blank"" href=""about:blank""></a><input type=""text"" data-formula=""e=mc^2"" data-link=""https://quilljs.com"" data-video=""Embed URL""><a class=""ql-action""></a><a class=""ql-remove""></a></div>","Sverige","","<div class=""ql-editor"" data-gramm=""false"" contenteditable=""true""><p>Per 100 gram:</p><p>Energi 1594 kJ/384 kcal</p><p>Fett 31 g</p><p>-varav mättat fett 20 g</p><p>Kolhydrat 0 g</p><p>-varav sockerarter 0 g</p><p>Protein 25 g</p><p>Salt 1.2 g</p><p>Vitamin B12 1.4 µg</p><p>Kalcium 756 mg</p><p><br></p></div><div class=""ql-clipboard"" contenteditable=""true"" tabindex=""-1""></div><div class=""ql-tooltip ql-hidden""><a class=""ql-preview"" target=""_blank"" href=""about:blank""></a><input type=""text"" data-formula=""e=mc^2"" data-link=""https://quilljs.com"" data-video=""Embed URL""><a class=""ql-action""></a><a class=""ql-remove""></a></div>","","<div class=""ql-editor"" data-gramm=""false"" contenteditable=""true""><p>Livshem har ambitionen att alltid ge rätt produkt information. Förändringar i produktens innehåll kan ske över tid, kontrollera därför alltid före användning informationen på produktens förpackning.</p></div><div class=""ql-clipboard"" contenteditable=""true"" tabindex=""-1""></div><div class=""ql-tooltip ql-hidden""><a class=""ql-preview"" target=""_blank"" href=""about:blank""></a><input type=""text"" data-formula=""e=mc^2"" data-link=""https://quilljs.com"" data-video=""Embed URL""><a class=""ql-action""></a><a class=""ql-remove""></a></div>","","90,00","","125,00 kr/kg","","In Stock","Ca 720 g","","Ost","Påläggsost"
"122","https://livsham2.softwarebyte.co/assets/images/product_image/86485.jpg","Hushållsost mild 26%","Mejeri, ost & ägg","Annat","<div class=""ql-editor"" data-gramm=""false"" contenteditable=""true""><p>Hushållsost är en av Sveriges mest köpta ostar. Den uppskattas för sin milda gräddiga, lätt syrliga smak och äts främst som pålägg. Hushållsost passar också utmärkt till matlagning och som tilltugg till champagne.</p><p>Hushållsost har anor från 1200-talets små runda bondostar som ystades i hemmen. Namnet Hushållsost fick den i slutet av 1800-talet.</p><p><br></p><p><strong>Innehållsförteckning</strong> </p><p>Pastöriserad MJÖLK, salt, syrningskultur, ystenzym.</p><h3><br></h3><h3><strong>Förvaring</strong></h3><h3>Förvaras kyld <span style=""color: rgb(56, 66, 65); background-color: rgb(249, 249, 249);"">vid högst +8°C</span></h3></div><div class=""ql-clipboard"" contenteditable=""true"" tabindex=""-1""></div><div class=""ql-tooltip ql-hidden""><a class=""ql-preview"" target=""_blank"" href=""about:blank""></a><input type=""text"" data-formula=""e=mc^2"" data-link=""https://quilljs.com"" data-video=""Embed URL""><a class=""ql-action""></a><a class=""ql-remove""></a></div>","Sverige","","<div class=""ql-editor"" data-gramm=""false"" contenteditable=""true""><p><span style=""color: rgb(38, 38, 58);"">Per 100 gram:</span></p><p><span style=""color: rgb(38, 38, 58);"">Energi 1399 kJ/337 kcal</span></p><p><span style=""color: rgb(38, 38, 58);"">Fett 26 g</span></p><p><span style=""color: rgb(38, 38, 58);"">-varav mättat fett 17 g</span></p><p><span style=""color: rgb(38, 38, 58);"">Kolhydrat 0 g</span></p><p><span style=""color: rgb(38, 38, 58);"">-varav sockerarter 0 g</span></p><p><span style=""color: rgb(38, 38, 58);"">Protein 25 g</span></p><p><span style=""color: rgb(38, 38, 58);"">Salt 1.6 g</span></p><p><span style=""color: rgb(38, 38, 58);"">Vitamin B12 1.4 µg</span></p><p><span style=""color: rgb(38, 38, 58);"">Kalcium 725 mg</span></p></div><div class=""ql-clipboard"" contenteditable=""true"" tabindex=""-1""></div><div class=""ql-tooltip ql-hidden""><a class=""ql-preview"" target=""_blank"" href=""about:blank""></a><input type=""text"" data-formula=""e=mc^2"" data-link=""https://quilljs.com"" data-video=""Embed URL""><a class=""ql-action""></a><a class=""ql-remove""></a></div>","","<div class=""ql-editor"" data-gramm=""false"" contenteditable=""true""><p>Livshem har ambitionen att alltid ge rätt produkt information. Förändringar i produktens innehåll kan ske över tid, kontrollera därför alltid före användning informationen på produktens förpackning.</p></div><div class=""ql-clipboard"" contenteditable=""true"" tabindex=""-1""></div><div class=""ql-tooltip ql-hidden""><a class=""ql-preview"" target=""_blank"" href=""about:blank""></a><input type=""text"" data-formula=""e=mc^2"" data-link=""https://quilljs.com"" data-video=""Embed URL""><a class=""ql-action""></a><a class=""ql-remove""></a></div>","","105,60","","96,00 kr/kg","","In Stock","Ca 1,1 kg","","Ost","Påläggsost"
"123","https://livsham2.softwarebyte.co/assets/images/product_image/61370.jpg","Grevé mild 28%","Mejeri, ost & ägg","Annat","<div class=""ql-editor"" data-gramm=""false"" contenteditable=""true""><p>Vår goda Arla Ko® Grevé® är söt och syrlig med karaktäristisk nötighet. Härlig konsistens med stora hål. Osten passar lika bra som pålägg som del av matlagning. Varför inte använda den till att göra ostfyllda grönsaker i ugn? Vår Arla Ko® Grevé® görs på Kalmar mejeri på färsk mjölk från svenska Arlagårdar. Varumärket Arla Ko® garanterar att osten är gjord på 100 procent svensk mjölk.</p><p><br></p><p><strong>Innehållsförteckning</strong> </p><p>Pastöriserad MJÖLK, salt, syrningskultur, ystenzym, kalciumklorid, konserveringsmedel E202.</p><p><br></p><p><strong>Förvaring</strong></p><p>Förvaras kyld <span style=""color: rgb(56, 66, 65); background-color: rgb(249, 249, 249);"">vid högst +10°C</span></p></div><div class=""ql-clipboard"" contenteditable=""true"" tabindex=""-1""></div><div class=""ql-tooltip ql-hidden""><a class=""ql-preview"" target=""_blank"" href=""about:blank""></a><input type=""text"" data-formula=""e=mc^2"" data-link=""https://quilljs.com"" data-video=""Embed URL""><a class=""ql-action""></a><a class=""ql-remove""></a></div>","Sverige","","<div class=""ql-editor"" data-gramm=""false"" contenteditable=""true""><p>Per 100 gram:</p><p>Energi 1488 kJ/358 kcal</p><p>Fett 28 g</p><p>-varav mättat fett 18 g</p><p>Kolhydrat 0 g</p><p>-varav sockerarter 0 g</p><p>Protein 26 g</p><p>Salt 1.3 g</p><p>Vitamin B12 1.5 µg</p><p>Kalcium 766 mg</p><p><br></p></div><div class=""ql-clipboard"" contenteditable=""true"" tabindex=""-1""></div><div class=""ql-tooltip ql-hidden""><a class=""ql-preview"" target=""_blank"" href=""about:blank""></a><input type=""text"" data-formula=""e=mc^2"" data-link=""https://quilljs.com"" data-video=""Embed URL""><a class=""ql-action""></a><a class=""ql-remove""></a></div>","","<div class=""ql-editor"" data-gramm=""false"" contenteditable=""true""><p>Livshem har ambitionen att alltid ge rätt produkt information. Förändringar i produktens innehåll kan ske över tid, kontrollera därför alltid före användning informationen på produktens förpackning.</p></div><div class=""ql-clipboard"" contenteditable=""true"" tabindex=""-1""></div><div class=""ql-tooltip ql-hidden""><a class=""ql-preview"" target=""_blank"" href=""about:blank""></a><input type=""text"" data-formula=""e=mc^2"" data-link=""https://quilljs.com"" data-video=""Embed URL""><a class=""ql-action""></a><a class=""ql-remove""></a></div>","","86,80","","124,00 kr/kg","","In Stock","Ca 700 g","","Ost","Påläggsost"
"124","https://livsham2.softwarebyte.co/assets/images/product_image/918.jpg","Herrgård 28% lagrad 12 mån","Mejeri, ost & ägg","Annat","<div class=""ql-editor"" data-gramm=""false"" contenteditable=""true""><p>Vår lagrade Arla Ko® Herrgård® är fyllig med toner av hasselnöt. Smaken är kraftfull med tydlig sälta och en lång och mustig eftersmak. Konsistensen är krämig och fast. Hyvla som pålägg på ett fruktbröd eller filmjölkslimpa eller bita upp och bara ät som den är. Lagrad hårdost från Sverige när den är som bäst! Vår Lagrade Herrgård® görs på Kalmar mejeri på färsk mjölk från svenska Arlagårdar. Varumärket Arla Ko® garanterar att osten är gjord på 100 procent svensk mjölk</p><p><br></p><p><strong>Innehållsförteckning</strong> </p><p>Pastöriserad MJÖLK, salt, syrningskultur, ystenzym, kalciumklorid, konserveringsmedel E202.</p><p><br></p><p><strong>Förvaring</strong></p><p>Förvaras kyld <span style=""color: rgb(56, 66, 65); background-color: rgb(249, 249, 249);"">vid högst +10°C</span></p></div><div class=""ql-clipboard"" contenteditable=""true"" tabindex=""-1""></div><div class=""ql-tooltip ql-hidden""><a class=""ql-preview"" target=""_blank"" href=""about:blank""></a><input type=""text"" data-formula=""e=mc^2"" data-link=""https://quilljs.com"" data-video=""Embed URL""><a class=""ql-action""></a><a class=""ql-remove""></a></div>","Sverige","","<div class=""ql-editor"" data-gramm=""false"" contenteditable=""true""><p>Per 100 gram:</p><p>Energi <span style=""color: rgb(58, 58, 58);"">1510</span> kJ/<span style=""color: rgb(58, 58, 58);"">364</span> kcal</p><p>Fett 28 g</p><p>-varav mättat fett 18 g</p><p>Kolhydrat 0 g</p><p>-varav sockerarter 0 g</p><p>Protein 27 g</p><p>Salt 1.4 g</p><p>Vitamin B12 1.5 µg</p><p>Kalcium 802 mg</p></div><div class=""ql-clipboard"" contenteditable=""true"" tabindex=""-1""></div><div class=""ql-tooltip ql-hidden""><a class=""ql-preview"" target=""_blank"" href=""about:blank""></a><input type=""text"" data-formula=""e=mc^2"" data-link=""https://quilljs.com"" data-video=""Embed URL""><a class=""ql-action""></a><a class=""ql-remove""></a></div>","","<div class=""ql-editor"" data-gramm=""false"" contenteditable=""true""><p>Livshem har ambitionen att alltid ge rätt produkt information. Förändringar i produktens innehåll kan ske över tid, kontrollera därför alltid före användning informationen på produktens förpackning.</p></div><div class=""ql-clipboard"" contenteditable=""true"" tabindex=""-1""></div><div class=""ql-tooltip ql-hidden""><a class=""ql-preview"" target=""_blank"" href=""about:blank""></a><input type=""text"" data-formula=""e=mc^2"" data-link=""https://quilljs.com"" data-video=""Embed URL""><a class=""ql-action""></a><a class=""ql-remove""></a></div>","","109,71","","159,00 kr/kg","","In Stock","Ca 720 g","","Ost","Påläggsost"
"125","https://livsham2.softwarebyte.co/assets/images/product_image/20543.jpg","Grevé 28% lagrad 12 mån","Mejeri, ost & ägg","Annat","<div class=""ql-editor"" data-gramm=""false"" contenteditable=""true""><p>Arla Ko® Grevé® är en intensiv och fyllig ost med karaktäristisk nötighet. Grevé® har lång eftersmak och toner av sötma, frisk syra och behaglig beska. Som pålägg förhöjer Grevé® din rågbrödsmörgås och är perfekt att skära i bitar och avnjuta som snacks med frukt och nötter. Lagrad hårdost från Sverige när den är som bäst! Vår lagrade Grevé® görs på Kalmar mejeri på färsk mjölk från svenska Arlagårdar. Varumärket Arla Ko® garanterar att osten är gjord på 100 procent svensk mjölk.</p><p><br></p><p>Innehållsförteckning </p><p>Pastöriserad MJÖLK, salt, syrningskultur, ystenzym, kalciumklorid, konserveringsmedel E202.</p><p><br></p><p>Förvaring</p><p>Förvaras kyld <span style=""background-color: rgb(249, 249, 249); color: rgb(56, 66, 65);"">vid högst +10°C</span></p></div><div class=""ql-clipboard"" contenteditable=""true"" tabindex=""-1""></div><div class=""ql-tooltip ql-hidden""><a class=""ql-preview"" target=""_blank"" href=""about:blank""></a><input type=""text"" data-formula=""e=mc^2"" data-link=""https://quilljs.com"" data-video=""Embed URL""><a class=""ql-action""></a><a class=""ql-remove""></a></div>","England","","<div class=""ql-editor"" data-gramm=""false"" contenteditable=""true""><p>Per 100 gram:</p><p>Energi 1517 kJ/365 kcal</p><p>Fett 28 g</p><p>-varav mättat fett 18 g</p><p>Kolhydrat 0 g</p><p>-varav sockerarter 0 g</p><p>Protein 27 g</p><p>Salt 1.4 g</p><p>Vitamin B12 1.5 µg</p><p>Kalcium 815 mg</p></div><div class=""ql-clipboard"" contenteditable=""true"" tabindex=""-1""></div><div class=""ql-tooltip ql-hidden""><a class=""ql-preview"" target=""_blank"" href=""about:blank""></a><input type=""text"" data-formula=""e=mc^2"" data-link=""https://quilljs.com"" data-video=""Embed URL""><a class=""ql-action""></a><a class=""ql-remove""></a></div>","","<div class=""ql-editor"" data-gramm=""false"" contenteditable=""true""><p>Livshem har ambitionen att alltid ge rätt produkt information. Förändringar i produktens innehåll kan ske över tid, kontrollera därför alltid före användning informationen på produktens förpackning.</p></div><div class=""ql-clipboard"" contenteditable=""true"" tabindex=""-1""></div><div class=""ql-tooltip ql-hidden""><a class=""ql-preview"" target=""_blank"" href=""about:blank""></a><input type=""text"" data-formula=""e=mc^2"" data-link=""https://quilljs.com"" data-video=""Embed URL""><a class=""ql-action""></a><a class=""ql-remove""></a></div>","","111,30","","159,00 kr/kg","","In Stock","Ca 700 g","","Ost","Påläggsost"
"126","https://livsham2.softwarebyte.co/assets/images/product_image/1352.jpg","Västerbottensost Original 33%","Mejeri, ost & ägg","Annat","<div class=""ql-editor"" data-gramm=""false"" contenteditable=""true""><p>Västerbottensost®&nbsp;är en svensk grynpipig hårdost gjord på norrländsk komjölk och tillverkad vid det lilla mejeriet i Burträsk i Västerbotten. Den har en karaktäristisk, fyllig smak och en lagringstid om minst 14 månader. Svårskivad, men ändå älskad till såväl smörgåsen som riven i matlagningen till paj, tacos eller gratäng. Även utmärkt på ostbricka! Osten är tillverkad ända sedan 1872 då mejerskan Ulrika Eleonora Lindström skapade det hemliga receptet. Sedan 1990 är Västerbottensost®&nbsp;Kunglig Hovleverantör och har serverats på många kungliga tillställningar och Nobelmiddagen. Västerbottensost®&nbsp;är helt enkelt en unik bit av svensk mathistoria.</p><p><br></p><p><strong>Innehållsförteckning </strong></p><p>Pastöriserad norrländsk MJÖLK, salt, mjölksyrakultur, löpe, konserveringsmedel E202, E235 och E251.</p><p><br></p><p><strong>Förvaring</strong></p><p>Förvaras kyld <span style=""background-color: rgb(249, 249, 249); color: rgb(56, 66, 65);"">vid högst +10°C</span></p><p><br></p></div><div class=""ql-clipboard"" contenteditable=""true"" tabindex=""-1""></div><div class=""ql-tooltip ql-hidden""><a class=""ql-preview"" target=""_blank"" href=""about:blank""></a><input type=""text"" data-formula=""e=mc^2"" data-link=""https://quilljs.com"" data-video=""Embed URL""><a class=""ql-action""></a><a class=""ql-remove""></a></div>","Sverige","","<div class=""ql-editor"" data-gramm=""false"" contenteditable=""true""><p>Per 100 g:</p><p>Energi 1650 kJ/390 kcal</p><p>Fett 33 g</p><p>-varav mättat fett 21 g</p><p>Kolhydrat 0 g</p><p>-varav sockerarter 0 g</p><p>Protein 24 g</p><p>Salt 1.2 g</p><p>Kalcium 680 mg</p><p><br></p></div><div class=""ql-clipboard"" contenteditable=""true"" tabindex=""-1""></div><div class=""ql-tooltip ql-hidden""><a class=""ql-preview"" target=""_blank"" href=""about:blank""></a><input type=""text"" data-formula=""e=mc^2"" data-link=""https://quilljs.com"" data-video=""Embed URL""><a class=""ql-action""></a><a class=""ql-remove""></a></div>","","<div class=""ql-editor"" data-gramm=""false"" contenteditable=""true""><p>Livshem har ambitionen att alltid ge rätt produkt information. Förändringar i produktens innehåll kan ske över tid, kontrollera därför alltid före användning informationen på produktens förpackning.</p></div><div class=""ql-clipboard"" contenteditable=""true"" tabindex=""-1""></div><div class=""ql-tooltip ql-hidden""><a class=""ql-preview"" target=""_blank"" href=""about:blank""></a><input type=""text"" data-formula=""e=mc^2"" data-link=""https://quilljs.com"" data-video=""Embed URL""><a class=""ql-action""></a><a class=""ql-remove""></a></div>","","99,00","","220,00 kr/kg","","In Stock","450 g","","Ost","Påläggsost"
"127","https://livsham2.softwarebyte.co/assets/images/product_image/63834.jpg","Familjefavoriter Gräddis 30%","Mejeri, ost & ägg","Annat","<div class=""ql-editor"" data-gramm=""false"" contenteditable=""true""><p>Arla® Familjefavoriter - milda och goda ostar för hela familjen. Ost som är enkel att hyvla och skära, perfekt på mackan eller att skära i bitar till fredagsmyset. Gräddis är en ost med krämig konsistens och gräddig smak, fetthalten är 30%. Tips: när du närmar dig slutet av osten och den blir lite svårare att hyvla, riv och frys in. Supersmidigt att plocka fram till nästa pizzatillfälle! Gräddis är tillverkad i Vium, Danmark, av mjölk från danska Arlagårdar.</p><p><br></p><p><strong>Innehållsförteckning</strong> </p><p>Pastöriserad MJÖLK, salt, syrningskultur, ystenzym.</p><p><br></p><p><strong>Förvaring</strong></p><p>Förvaras kyld <span style=""background-color: rgb(249, 249, 249); color: rgb(56, 66, 65);"">vid högst +10°C</span></p></div><div class=""ql-clipboard"" contenteditable=""true"" tabindex=""-1""></div><div class=""ql-tooltip ql-hidden""><a class=""ql-preview"" target=""_blank"" href=""about:blank""></a><input type=""text"" data-formula=""e=mc^2"" data-link=""https://quilljs.com"" data-video=""Embed URL""><a class=""ql-action""></a><a class=""ql-remove""></a></div>","Denmark","","<div class=""ql-editor"" data-gramm=""false"" contenteditable=""true""><p><span style=""color: rgb(38, 38, 58);"">Per 100 gram:</span></p><p><span style=""color: rgb(38, 38, 58);"">Energi 1530 kJ/370 kcal</span></p><p><span style=""color: rgb(38, 38, 58);"">Fett 30 g</span></p><p><span style=""color: rgb(38, 38, 58);"">-varav mättat fett 19 g</span></p><p><span style=""color: rgb(38, 38, 58);"">Kolhydrat 0 g</span></p><p><span style=""color: rgb(38, 38, 58);"">-varav sockerarter 0 g</span></p><p><span style=""color: rgb(38, 38, 58);"">Protein 24 g</span></p><p><span style=""color: rgb(38, 38, 58);"">Salt 1.6 g</span></p><p><span style=""color: rgb(38, 38, 58);"">Vitamin B12 1.4 µg</span></p><p><span style=""color: rgb(38, 38, 58);"">Kalcium 707 mg</span></p></div><div class=""ql-clipboard"" contenteditable=""true"" tabindex=""-1""></div><div class=""ql-tooltip ql-hidden""><a class=""ql-preview"" target=""_blank"" href=""about:blank""></a><input type=""text"" data-formula=""e=mc^2"" data-link=""https://quilljs.com"" data-video=""Embed URL""><a class=""ql-action""></a><a class=""ql-remove""></a></div>","","<div class=""ql-editor"" data-gramm=""false"" contenteditable=""true""><p>Livshem har ambitionen att alltid ge rätt produkt information. Förändringar i produktens innehåll kan ske över tid, kontrollera därför alltid före användning informationen på produktens förpackning.</p></div><div class=""ql-clipboard"" contenteditable=""true"" tabindex=""-1""></div><div class=""ql-tooltip ql-hidden""><a class=""ql-preview"" target=""_blank"" href=""about:blank""></a><input type=""text"" data-formula=""e=mc^2"" data-link=""https://quilljs.com"" data-video=""Embed URL""><a class=""ql-action""></a><a class=""ql-remove""></a></div>","","115,00","","115,00 kr/kg","","In Stock","Ca 1 kg","","Ost","Påläggsost"
"128","https://livsham2.softwarebyte.co/assets/images/product_image/1147.jpg","Räkost","Mejeri, ost & ägg","Annat","<div class=""ql-editor"" data-gramm=""false"" contenteditable=""true""><p>Kavli Räkost är hela Sveriges favoritmjukost, gjord på utvalda klassiska ostar och fina ishavsräkor. Fetthalt endast 16%. Kavlis mjukost är lokalt producerad i Älvsjö. För att få bästa möjliga kvalitet och smak på våra produkter använder vi alltid förstklassig hårdost och bästa råvaror. Alla våra mjukostar är pastöriserade och det går bra att äta dem om man är gravid. Kavli mjukost passar bra att ha på smörgåsen, som ingrediens och smaksättare i matlagning i t.ex soppa, paj eller pastasås.</p><p><br></p><p><strong>Innehållsförteckning</strong> </p><p>Pastöriserad norrländsk MJÖLK, salt, mjölksyrakultur, löpe, konserveringsmedel E202, E235 och E251.</p><p><br></p><p><strong>Förvaring</strong></p><p>Förvaras kyld <span style=""color: rgb(56, 66, 65); background-color: rgb(249, 249, 249);"">vid högst +10°C</span></p></div><div class=""ql-clipboard"" contenteditable=""true"" tabindex=""-1""></div><div class=""ql-tooltip ql-hidden""><a class=""ql-preview"" target=""_blank"" href=""about:blank""></a><input type=""text"" data-formula=""e=mc^2"" data-link=""https://quilljs.com"" data-video=""Embed URL""><a class=""ql-action""></a><a class=""ql-remove""></a></div>","Sverige","","<div class=""ql-editor"" data-gramm=""false"" contenteditable=""true""><p>Per 100 gram:</p><p>Energi 850 kJ/210 kcal</p><p>Fett 15 g</p><p>-varav mättat fett 9.3 g</p><p>Kolhydrat 0 g</p><p>-varav sockerarter 0 g</p><p>Protein 17 g</p><p>Salt 3.4 g</p><p><br></p><p><br></p></div><div class=""ql-clipboard"" contenteditable=""true"" tabindex=""-1""></div><div class=""ql-tooltip ql-hidden""><a class=""ql-preview"" target=""_blank"" href=""about:blank""></a><input type=""text"" data-formula=""e=mc^2"" data-link=""https://quilljs.com"" data-video=""Embed URL""><a class=""ql-action""></a><a class=""ql-remove""></a></div>","","<div class=""ql-editor"" data-gramm=""false"" contenteditable=""true""><p>Livshem har ambitionen att alltid ge rätt produkt information. Förändringar i produktens innehåll kan ske över tid, kontrollera därför alltid före användning informationen på produktens förpackning.</p></div><div class=""ql-clipboard"" contenteditable=""true"" tabindex=""-1""></div><div class=""ql-tooltip ql-hidden""><a class=""ql-preview"" target=""_blank"" href=""about:blank""></a><input type=""text"" data-formula=""e=mc^2"" data-link=""https://quilljs.com"" data-video=""Embed URL""><a class=""ql-action""></a><a class=""ql-remove""></a></div>","","42,95","","156,18 kr/kg","","In Stock","275 g","","Ost","Mjukost"
"129","https://livsham2.softwarebyte.co/assets/images/product_image/7920.jpg","Räkost Laktosfri","Mejeri, ost & ägg","Annat","<div class=""ql-editor"" data-gramm=""false"" contenteditable=""true""><p>Klassisk räkost i tub - här i en efterlängtad laktosfri variant! Kavlis räkost är riktigt krämig och har god smak av både ost och ishavsräkor - mångas favorit på frukostmackan.</p><p><br></p><p><strong>Innehållsförteckning</strong> </p><p>HÅRDOST (58 %), vatten, ISHAVSRÄKOR (10 %), smältsalter (E339, E452), konserveringsmedel (E202, E234). Osten är pastöriserad.</p><p><br></p><p><strong>Förvaring</strong></p><p>Förvaras vid högst&nbsp;25°C</p><p><br></p><p><br></p></div><div class=""ql-clipboard"" contenteditable=""true"" tabindex=""-1""></div><div class=""ql-tooltip ql-hidden""><a class=""ql-preview"" target=""_blank"" href=""about:blank""></a><input type=""text"" data-formula=""e=mc^2"" data-link=""https://quilljs.com"" data-video=""Embed URL""><a class=""ql-action""></a><a class=""ql-remove""></a></div>","Sverige","","<div class=""ql-editor"" data-gramm=""false"" contenteditable=""true""><p>Per 100 gram:</p><p>Energi 800 kJ/190 kcal</p><p>Fett 14 g</p><p>-varav mättat fett 9 g</p><p>Kolhydrat 0 g</p><p>-varav sockerarter 0 g</p><p>Protein 17 g</p><p>Salt 3.5 g</p><p><br></p></div><div class=""ql-clipboard"" contenteditable=""true"" tabindex=""-1""></div><div class=""ql-tooltip ql-hidden""><a class=""ql-preview"" target=""_blank"" href=""about:blank""></a><input type=""text"" data-formula=""e=mc^2"" data-link=""https://quilljs.com"" data-video=""Embed URL""><a class=""ql-action""></a><a class=""ql-remove""></a></div>","","<div class=""ql-editor"" data-gramm=""false"" contenteditable=""true""><p>Livshem har ambitionen att alltid ge rätt produkt information. Förändringar i produktens innehåll kan ske över tid, kontrollera därför alltid före användning informationen på produktens förpackning.</p></div><div class=""ql-clipboard"" contenteditable=""true"" tabindex=""-1""></div><div class=""ql-tooltip ql-hidden""><a class=""ql-preview"" target=""_blank"" href=""about:blank""></a><input type=""text"" data-formula=""e=mc^2"" data-link=""https://quilljs.com"" data-video=""Embed URL""><a class=""ql-action""></a><a class=""ql-remove""></a></div>","","42,95","","171,80 kr/kg","","In Stock","250 g","","Ost","Mjukost"
"130","https://livsham2.softwarebyte.co/assets/images/product_image/59198.jpg","Skinkost","Mejeri, ost & ägg","Lager","<div class=""ql-editor"" data-gramm=""false"" contenteditable=""true""><h4>Kavli Skinkost, en krämig mjukost gjord på utvalda klassiska ostar och svensk varmrökt skinka. Kavlis Skinkost, krämig ost med smakrika bitar av svensk varmrökt skinka gör den till det perfekta tillbehöret på dygnets alla smörgåsar. Alla Kavlis mjukostar är svenskproducerade och osten har en naturligt fyllig smak av den fina råvaran. Kavli Skinkost är en av våra storsäljare och serveras i både tub och ask. Prova gärna även i matlagningen, som smaksättare i pastasås eller i en god paj.&nbsp;</h4><p><br></p><p><strong>Innehållsförteckning</strong> </p><p>HÅRDOST (57 %), vatten, svensk varmrökt skinka 8 % (skinka, salt, glykossirap, antioxidationsmedel (E301), konserveringsmedel (E250), rökarom), smältsalter (E339, E452), konserveringsmedel (E202, E234). Osten är pastöriserad.</p><p><br></p><p><strong>Förvaring</strong></p><p>Förvaras vid högst&nbsp;25°C</p></div><div class=""ql-clipboard"" contenteditable=""true"" tabindex=""-1""></div><div class=""ql-tooltip ql-hidden""><a class=""ql-preview"" target=""_blank"" href=""about:blank""></a><input type=""text"" data-formula=""e=mc^2"" data-link=""https://quilljs.com"" data-video=""Embed URL""><a class=""ql-action""></a><a class=""ql-remove""></a></div>","Sverige","","<div class=""ql-editor"" data-gramm=""false"" contenteditable=""true""><p><span style=""color: rgb(38, 38, 58);"">Per 100 gram:</span></p><p><span style=""color: rgb(38, 38, 58);"">Energi 800 kJ/190 kcal</span></p><p><span style=""color: rgb(38, 38, 58);"">Fett 14 g</span></p><p><span style=""color: rgb(38, 38, 58);"">-varav mättat fett 9.2 g</span></p><p><span style=""color: rgb(38, 38, 58);"">Kolhydrat 0.1 g</span></p><p><span style=""color: rgb(38, 38, 58);"">-varav sockerarter 0.1 g</span></p><p><span style=""color: rgb(38, 38, 58);"">Protein 16 g</span></p><p><span style=""color: rgb(38, 38, 58);"">Salt 3.4 g</span></p></div><div class=""ql-clipboard"" contenteditable=""true"" tabindex=""-1""></div><div class=""ql-tooltip ql-hidden""><a class=""ql-preview"" target=""_blank"" href=""about:blank""></a><input type=""text"" data-formula=""e=mc^2"" data-link=""https://quilljs.com"" data-video=""Embed URL""><a class=""ql-action""></a><a class=""ql-remove""></a></div>","","<div class=""ql-editor"" data-gramm=""false"" contenteditable=""true""><p>Livshem har ambitionen att alltid ge rätt produkt information. Förändringar i produktens innehåll kan ske över tid, kontrollera därför alltid före användning informationen på produktens förpackning.</p></div><div class=""ql-clipboard"" contenteditable=""true"" tabindex=""-1""></div><div class=""ql-tooltip ql-hidden""><a class=""ql-preview"" target=""_blank"" href=""about:blank""></a><input type=""text"" data-formula=""e=mc^2"" data-link=""https://quilljs.com"" data-video=""Embed URL""><a class=""ql-action""></a><a class=""ql-remove""></a></div>","","42,95","","156,18 kr/kg","","In Stock","275 g","","Ost","Mjukost"
"131","https://livsham2.softwarebyte.co/assets/images/product_image/18269.jpg","Baconost","Mejeri, ost & ägg","Lager","<div class=""ql-editor"" data-gramm=""false"" contenteditable=""true""><p>Kavli BaconOst, Krämig mjukost gjord på utvalda klassiska ostar och svenskt bacon Den goda smaken av Kavli baconost kommer från att vi använder äkta hårdost och smakfulla bitar svenskt bacon i en härlig kombination. Tonåringarnas favoritost Baconosten är den perfekta smakhöjaren av dygnets alla smörgåsar, frukost, lunch, mellanmål efter träning eller kvällsmackan.&nbsp;Alla Kavlis mjukostar är svenskproducerade. Kavli Baconost är en av våra storsäljare och serveras i både tub och ask.&nbsp;Prova gärna även i matlagningen, som smaksättare i pastasås eller i en god paj.&nbsp;Osten är pastöriserad.</p><p><br></p><p>Innehållsförteckning </p><p>HÅRDOST (56 %), vatten, svensk baconrulle 7 % (bacon 2,9 %*, fläskkött 2,9 %*, vatten, potatismjöl, salt, köttbuljong, glukossirap, druvsocker, antioxidationsmedel E300, konserveringsmedel E250, rökarom), smältsalter (E339, E452, E330), arom, konserveringsmedel (E202, E234), socker.</p><p><br></p><p>Förvaring</p><p>Förvaras vid högst&nbsp;25°C</p></div><div class=""ql-clipboard"" contenteditable=""true"" tabindex=""-1""></div><div class=""ql-tooltip ql-hidden""><a class=""ql-preview"" target=""_blank"" href=""about:blank""></a><input type=""text"" data-formula=""e=mc^2"" data-link=""https://quilljs.com"" data-video=""Embed URL""><a class=""ql-action""></a><a class=""ql-remove""></a></div>","Sverige","","<div class=""ql-editor"" data-gramm=""false"" contenteditable=""true""><p><span style=""color: rgb(38, 38, 58);"">Per 100 gram:</span></p><p><span style=""color: rgb(38, 38, 58);"">Energi 850 kJ/200 kcal</span></p><p><span style=""color: rgb(38, 38, 58);"">Fett 16 g</span></p><p><span style=""color: rgb(38, 38, 58);"">-varav mättat fett 9.6 g</span></p><p><span style=""color: rgb(38, 38, 58);"">Kolhydrat 0.7 g</span></p><p><span style=""color: rgb(38, 38, 58);"">-varav sockerarter 0.3 g</span></p><p><span style=""color: rgb(38, 38, 58);"">Protein 15 g</span></p><p><span style=""color: rgb(38, 38, 58);"">Salt 3.5 g</span></p></div><div class=""ql-clipboard"" contenteditable=""true"" tabindex=""-1""></div><div class=""ql-tooltip ql-hidden""><a class=""ql-preview"" target=""_blank"" href=""about:blank""></a><input type=""text"" data-formula=""e=mc^2"" data-link=""https://quilljs.com"" data-video=""Embed URL""><a class=""ql-action""></a><a class=""ql-remove""></a></div>","","<div class=""ql-editor"" data-gramm=""false"" contenteditable=""true""><p>Livshem har ambitionen att alltid ge rätt produkt information. Förändringar i produktens innehåll kan ske över tid, kontrollera därför alltid före användning informationen på produktens förpackning.</p></div><div class=""ql-clipboard"" contenteditable=""true"" tabindex=""-1""></div><div class=""ql-tooltip ql-hidden""><a class=""ql-preview"" target=""_blank"" href=""about:blank""></a><input type=""text"" data-formula=""e=mc^2"" data-link=""https://quilljs.com"" data-video=""Embed URL""><a class=""ql-action""></a><a class=""ql-remove""></a></div>","","42,95","","156,18 kr/kg","","In Stock","275 g","","Ost","Mjukost"
"132","https://livsham2.softwarebyte.co/assets/images/product_image/81751.jpg","MildOst","Mejeri, ost & ägg","Lager","<div class=""ql-editor"" data-gramm=""false"" contenteditable=""true""><p>Kavlis Mildost, en naturell mjukost med fyllig och rund smak av äkta hårdost. Ett gott och krämigt pålägg som förhöjer smaken på dygnets alla smörgåsar. Alla Kavlis mjukostar är svenskproducerade och osten har en naturligt fyllig smak av den fina råvaran. Kavli mildOst är en av våra storsäljare och serveras i både tub och ask.</p><p><br></p><p><strong>Innehållsförteckning</strong> </p><p>HÅRDOST (54 %), vatten, smältsalter (E339, E452), surhetsreglerande medel (citronsyra, natriumkarbonat), konserveringsmedel (E202, E234). Osten är pastöriserad.</p><p><br></p><p><strong>Förvaring</strong></p><p>Förvaras vid högst&nbsp;25°C</p></div><div class=""ql-clipboard"" contenteditable=""true"" tabindex=""-1""></div><div class=""ql-tooltip ql-hidden""><a class=""ql-preview"" target=""_blank"" href=""about:blank""></a><input type=""text"" data-formula=""e=mc^2"" data-link=""https://quilljs.com"" data-video=""Embed URL""><a class=""ql-action""></a><a class=""ql-remove""></a></div>","Sverige","","<div class=""ql-editor"" data-gramm=""false"" contenteditable=""true""><p>Per 100 gram:</p><p>Energi 550 kJ/130 kcal</p><p>Fett 7 g</p><p>-varav mättat fett 4.7 g</p><p>Kolhydrat 0 g</p><p>-varav sockerarter 0 g</p><p>Protein 16 g</p><p>Salt 2.8 g</p><p><br></p></div><div class=""ql-clipboard"" contenteditable=""true"" tabindex=""-1""></div><div class=""ql-tooltip ql-hidden""><a class=""ql-preview"" target=""_blank"" href=""about:blank""></a><input type=""text"" data-formula=""e=mc^2"" data-link=""https://quilljs.com"" data-video=""Embed URL""><a class=""ql-action""></a><a class=""ql-remove""></a></div>","","<div class=""ql-editor"" data-gramm=""false"" contenteditable=""true""><p>Livshem har ambitionen att alltid ge rätt produkt information. Förändringar i produktens innehåll kan ske över tid, kontrollera därför alltid före användning informationen på produktens förpackning.</p></div><div class=""ql-clipboard"" contenteditable=""true"" tabindex=""-1""></div><div class=""ql-tooltip ql-hidden""><a class=""ql-preview"" target=""_blank"" href=""about:blank""></a><input type=""text"" data-formula=""e=mc^2"" data-link=""https://quilljs.com"" data-video=""Embed URL""><a class=""ql-action""></a><a class=""ql-remove""></a></div>","","42,95","","156,18 kr/kg","","In Stock","275 g","","Ost","Mjukost"
"133","https://livsham2.softwarebyte.co/assets/images/product_image/42277.jpg","Färskost Naturell","Mejeri, ost & ägg","Annat","<div class=""ql-editor"" data-gramm=""false"" contenteditable=""true""><p>Philadelphia Original är vår mest älskade färskost, välkänd för sin fräscha smak och krämiga konsistens. En otroligt mångsidig produkt som är lika god på smörgåsen, som i matlagning eller i desserter. Den är även utan konserveringsmedel, glutenfri och vegetarisk.</p><p><br></p><p><strong>Innehållsförteckning</strong> </p><p>Mjölk,&nbsp;grädde, vassleprodukt (mjölk), salt, stabiliseringsmedel (fruktkärnmjöl), syra (citronsyra), bakteriekultur.</p><p class=""ql-align-center""><br></p><p><strong>Förvaring</strong></p><p>Förvaras kyld vid högst&nbsp;8°C</p><p><br></p></div><div class=""ql-clipboard"" contenteditable=""true"" tabindex=""-1""></div><div class=""ql-tooltip ql-hidden""><a class=""ql-preview"" target=""_blank"" href=""about:blank""></a><input type=""text"" data-formula=""e=mc^2"" data-link=""https://quilljs.com"" data-video=""Embed URL""><a class=""ql-action""></a><a class=""ql-remove""></a></div>","Tyskland","","<div class=""ql-editor"" data-gramm=""false"" contenteditable=""true""><p><span style=""color: rgb(38, 38, 58);"">Per 100 gram:</span></p><p><span style=""color: rgb(38, 38, 58);"">Energi 933 kJ/226 kcal</span></p><p><span style=""color: rgb(38, 38, 58);"">Fett 21 g</span></p><p><span style=""color: rgb(38, 38, 58);"">-varav mättat fett 14 g</span></p><p><span style=""color: rgb(38, 38, 58);"">Kolhydrat 4.3 g</span></p><p><span style=""color: rgb(38, 38, 58);"">-varav sockerarter 4.3 g</span></p><p><span style=""color: rgb(38, 38, 58);"">Fiber 0.2 g</span></p><p><span style=""color: rgb(38, 38, 58);"">Protein 5.4 g</span></p><p><span style=""color: rgb(38, 38, 58);"">Salt 0.75 g</span></p></div><div class=""ql-clipboard"" contenteditable=""true"" tabindex=""-1""></div><div class=""ql-tooltip ql-hidden""><a class=""ql-preview"" target=""_blank"" href=""about:blank""></a><input type=""text"" data-formula=""e=mc^2"" data-link=""https://quilljs.com"" data-video=""Embed URL""><a class=""ql-action""></a><a class=""ql-remove""></a></div>","","<div class=""ql-editor"" data-gramm=""false"" contenteditable=""true""><p>Livshem har ambitionen att alltid ge rätt produkt information. Förändringar i produktens innehåll kan ske över tid, kontrollera därför alltid före användning informationen på produktens förpackning.</p></div><div class=""ql-clipboard"" contenteditable=""true"" tabindex=""-1""></div><div class=""ql-tooltip ql-hidden""><a class=""ql-preview"" target=""_blank"" href=""about:blank""></a><input type=""text"" data-formula=""e=mc^2"" data-link=""https://quilljs.com"" data-video=""Embed URL""><a class=""ql-action""></a><a class=""ql-remove""></a></div>","","23,95","","119,75 kr/kg","","In Stock","200 g","","Ost","Matlagningsost"
"134","https://livsham2.softwarebyte.co/assets/images/product_image/2213.jpg","Färskost Naturell","Mejeri, ost & ägg","Lager","<div class=""ql-editor"" data-gramm=""false"" contenteditable=""true""><p>Arla® Färskost - inga tillsatser, naturligt gott! Arla® Färskost Naturell 25% är god med frisk och lite syrlig smak. Självklar i din underbara cheesecake och annan bakning, använd 50-grams-markeringarna på folien för att snabbt och enkelt mäta upp rätt mängd för ditt recept. Vår goda färskost är otroligt mångsidig: gott pålägg och perfekt att göra röror och glasyrer på. Den kan hettas upp, vilket gör den perfekt som fyllning i maträtter som crêpes, cannelloni och rullader. Inga tillsatser, vår färskost är tillverkad av mjölk och grädde som syrats med naturlig syrningskultur.</p><p><br></p><p><strong>Innehållsförteckning</strong> </p><p>Pastöriserad GRÄDDE, MJÖLK, salt, syrningskultur.</p><p><br></p><p><strong>Förvaring</strong></p><p>Förvaras kyld vid högst&nbsp;8°C</p></div><div class=""ql-clipboard"" contenteditable=""true"" tabindex=""-1""></div><div class=""ql-tooltip ql-hidden""><a class=""ql-preview"" target=""_blank"" href=""about:blank""></a><input type=""text"" data-formula=""e=mc^2"" data-link=""https://quilljs.com"" data-video=""Embed URL""><a class=""ql-action""></a><a class=""ql-remove""></a></div>","Denmark","","<div class=""ql-editor"" data-gramm=""false"" contenteditable=""true""><p><span style=""color: rgb(38, 38, 58);"">Per 100 gram:</span></p><p><span style=""color: rgb(38, 38, 58);"">Energi 1039 kJ/252 kcal</span></p><p><span style=""color: rgb(38, 38, 58);"">Fett 25 g</span></p><p><span style=""color: rgb(38, 38, 58);"">-varav mättat fett 16 g</span></p><p><span style=""color: rgb(38, 38, 58);"">Kolhydrat 3 g</span></p><p><span style=""color: rgb(38, 38, 58);"">-varav sockerarter 3 g</span></p><p><span style=""color: rgb(38, 38, 58);"">Protein 4.5 g</span></p><p><span style=""color: rgb(38, 38, 58);"">Salt 0.8 g</span></p></div><div class=""ql-clipboard"" contenteditable=""true"" tabindex=""-1""></div><div class=""ql-tooltip ql-hidden""><a class=""ql-preview"" target=""_blank"" href=""about:blank""></a><input type=""text"" data-formula=""e=mc^2"" data-link=""https://quilljs.com"" data-video=""Embed URL""><a class=""ql-action""></a><a class=""ql-remove""></a></div>","","<div class=""ql-editor"" data-gramm=""false"" contenteditable=""true""><p>Livshem har ambitionen att alltid ge rätt produkt information. Förändringar i produktens innehåll kan ske över tid, kontrollera därför alltid före användning informationen på produktens förpackning.</p></div><div class=""ql-clipboard"" contenteditable=""true"" tabindex=""-1""></div><div class=""ql-tooltip ql-hidden""><a class=""ql-preview"" target=""_blank"" href=""about:blank""></a><input type=""text"" data-formula=""e=mc^2"" data-link=""https://quilljs.com"" data-video=""Embed URL""><a class=""ql-action""></a><a class=""ql-remove""></a></div>","","19,95","","133,00 kr/kg","","In Stock","150 g","","Ost","Matlagningsost"
"135","https://livsham2.softwarebyte.co/assets/images/product_image/98159.png","Färskost Vitlök & örter","Mejeri, ost & ägg","Lager","<div class=""ql-editor ql-blank"" data-gramm=""false"" contenteditable=""true""><p><br></p></div><div class=""ql-clipboard"" contenteditable=""true"" tabindex=""-1""></div><div class=""ql-tooltip ql-hidden""><a class=""ql-preview"" target=""_blank"" href=""about:blank""></a><input type=""text"" data-formula=""e=mc^2"" data-link=""https://quilljs.com"" data-video=""Embed URL""><a class=""ql-action""></a><a class=""ql-remove""></a></div>","England","","<div class=""ql-editor ql-blank"" data-gramm=""false"" contenteditable=""true""><p><br></p></div><div class=""ql-clipboard"" contenteditable=""true"" tabindex=""-1""></div><div class=""ql-tooltip ql-hidden""><a class=""ql-preview"" target=""_blank"" href=""about:blank""></a><input type=""text"" data-formula=""e=mc^2"" data-link=""https://quilljs.com"" data-video=""Embed URL""><a class=""ql-action""></a><a class=""ql-remove""></a></div>","","<div class=""ql-editor ql-blank"" data-gramm=""false"" contenteditable=""true""><p><br></p></div><div class=""ql-clipboard"" contenteditable=""true"" tabindex=""-1""></div><div class=""ql-tooltip ql-hidden""><a class=""ql-preview"" target=""_blank"" href=""about:blank""></a><input type=""text"" data-formula=""e=mc^2"" data-link=""https://quilljs.com"" data-video=""Embed URL""><a class=""ql-action""></a><a class=""ql-remove""></a></div>","","23,95","","119,75 kr/kg","","In Stock","200 g","","Ost","Matlagningsost"
"136","https://livsham2.softwarebyte.co/assets/images/product_image/40231.jpg","Färskost Gräslök","Mejeri, ost & ägg","Lager","<div class=""ql-editor"" data-gramm=""false"" contenteditable=""true""><p><span style=""color: rgb(38, 38, 58);"">Philadelphia Gräslök är en fräsch och krämig färskost med frisk smak av gräslök. En mångsidig produkt med en balanserad smak, som är lika god på smörgåsen som i matlagning.</span></p><p><br></p><p><strong>Innehållsförteckning</strong> </p><p>MJÖLK, VASSLEPRODUKT (MJÖLK), GRÄDDE, gräslök, salt, stabiliseringsmedel (fruktkärnmjöl, karragenan), syra (citronsyra), bakteriekultur.</p><p><br></p><p><strong>Förvaring</strong></p><p>Förvaras kyld vid högst&nbsp;8°C</p></div><div class=""ql-clipboard"" contenteditable=""true"" tabindex=""-1""></div><div class=""ql-tooltip ql-hidden""><a class=""ql-preview"" target=""_blank"" href=""about:blank""></a><input type=""text"" data-formula=""e=mc^2"" data-link=""https://quilljs.com"" data-video=""Embed URL""><a class=""ql-action""></a><a class=""ql-remove""></a></div>","Tyskland","","<div class=""ql-editor"" data-gramm=""false"" contenteditable=""true""><p>Per 100 gram:</p><p>Energi 609 kJ/146 kcal</p><p>Fett 10 g</p><p>-varav mättat fett 7 g</p><p>Kolhydrat 5.1 g</p><p>-varav sockerarter 5.1 g</p><p>Fiber 0.6 g</p><p>Protein 7.4 g</p><p>Salt 0.95 g</p></div><div class=""ql-clipboard"" contenteditable=""true"" tabindex=""-1""></div><div class=""ql-tooltip ql-hidden""><a class=""ql-preview"" target=""_blank"" href=""about:blank""></a><input type=""text"" data-formula=""e=mc^2"" data-link=""https://quilljs.com"" data-video=""Embed URL""><a class=""ql-action""></a><a class=""ql-remove""></a></div>","","<div class=""ql-editor"" data-gramm=""false"" contenteditable=""true""><p>Livshem har ambitionen att alltid ge rätt produkt information. Förändringar i produktens innehåll kan ske över tid, kontrollera därför alltid före användning informationen på produktens förpackning.</p></div><div class=""ql-clipboard"" contenteditable=""true"" tabindex=""-1""></div><div class=""ql-tooltip ql-hidden""><a class=""ql-preview"" target=""_blank"" href=""about:blank""></a><input type=""text"" data-formula=""e=mc^2"" data-link=""https://quilljs.com"" data-video=""Embed URL""><a class=""ql-action""></a><a class=""ql-remove""></a></div>","","23,95","","119,75 kr/kg","","In Stock","200 g","","Ost","Matlagningsost"
"137","https://livsham2.softwarebyte.co/assets/images/product_image/36075.jpg","Färskost Grillad paprika","Mejeri, ost & ägg","Annat","<div class=""ql-editor"" data-gramm=""false"" contenteditable=""true""><p>Philadelphia Grillad Paprika kombinerar krämigheten och fräschheten från Philadelphia Original med läcker grillad paprika. En balanserad smak som är lika god på smörgåsen som i matlagning.</p><p><br></p><p><strong>Innehållsförteckning</strong> </p><p>Mjölk, vassleprodukt (mjölk), kokt paprika (9%),&nbsp;grädde, grillad paprika (1.5%), salt, lök, stabiliseringsmedel (fruktkärnmjöl, karragenan), socker, vitlök, modifierad stärkelse, olivoja,aromer, peppar, syra (citronsyra), hydroliserat vegetabiliskt protein.</p><p><br></p><p><strong>Förvaring</strong></p><p>Förvaras kyld vid högst&nbsp;8°C</p></div><div class=""ql-clipboard"" contenteditable=""true"" tabindex=""-1""></div><div class=""ql-tooltip ql-hidden""><a class=""ql-preview"" target=""_blank"" href=""about:blank""></a><input type=""text"" data-formula=""e=mc^2"" data-link=""https://quilljs.com"" data-video=""Embed URL""><a class=""ql-action""></a><a class=""ql-remove""></a></div>","Tyskland","","<div class=""ql-editor"" data-gramm=""false"" contenteditable=""true""><h5>Per 100 gram:</h5><p>Energi 563 kJ/135 kcal</p><p>Fett 9,2 g</p><p>-varav mättat fett 6 g</p><p>Kolhydrat 5,9 g</p><p>-varav sockerarter 5.3 g</p><p>Fiber 0,7 g</p><p>Protein 6,6 g</p><p>Salt 1,12 g</p></div><div class=""ql-clipboard"" contenteditable=""true"" tabindex=""-1""></div><div class=""ql-tooltip ql-hidden""><a class=""ql-preview"" target=""_blank"" href=""about:blank""></a><input type=""text"" data-formula=""e=mc^2"" data-link=""https://quilljs.com"" data-video=""Embed URL""><a class=""ql-action""></a><a class=""ql-remove""></a></div>","","<div class=""ql-editor"" data-gramm=""false"" contenteditable=""true""><p>Livshem har ambitionen att alltid ge rätt produkt information. Förändringar i produktens innehåll kan ske över tid, kontrollera därför alltid före användning informationen på produktens förpackning.</p></div><div class=""ql-clipboard"" contenteditable=""true"" tabindex=""-1""></div><div class=""ql-tooltip ql-hidden""><a class=""ql-preview"" target=""_blank"" href=""about:blank""></a><input type=""text"" data-formula=""e=mc^2"" data-link=""https://quilljs.com"" data-video=""Embed URL""><a class=""ql-action""></a><a class=""ql-remove""></a></div>","","23,95","","136,86 kr/kg","","In Stock","175 g","","Ost","Matlagningsost"
"138","https://livsham2.softwarebyte.co/assets/images/product_image/42436.jpg","Färskost Naturell","Mejeri, ost & ägg","Lager","<div class=""ql-editor"" data-gramm=""false"" contenteditable=""true""><p>Philadelphia Original är vår mest älskade färskost, välkänd för sin fräscha smak och krämiga konsistens. En otroligt mångsidig produkt som är lika god på smörgåsen, som i matlagning eller i desserter. Den är även utan konserveringsmedel, glutenfri och vegetarisk.</p><p><br></p><p><strong>Innehållsförteckning</strong> </p><p><span style=""color: rgb(25, 27, 37);"">Mjölk,&nbsp;grädde, vassleprodukt (mjölk), salt, stabiliseringsmedel (fruktkärnmjöl), syra (citronsyra), bakteriekultur.</span></p><p><br></p><p><br></p><p>För</p><p>var<strong>ing</strong></p><p><br></p><p>Förvaras kyld vid högst&nbsp;8°C</p></div><div class=""ql-clipboard"" contenteditable=""true"" tabindex=""-1""></div><div class=""ql-tooltip ql-hidden""><a class=""ql-preview"" target=""_blank"" href=""about:blank""></a><input type=""text"" data-formula=""e=mc^2"" data-link=""https://quilljs.com"" data-video=""Embed URL""><a class=""ql-action""></a><a class=""ql-remove""></a></div>","Tyskland","","<div class=""ql-editor"" data-gramm=""false"" contenteditable=""true""><p><span style=""color: rgb(38, 38, 58);"">Per 100 gram:</span></p><p><span style=""color: rgb(38, 38, 58);"">Energi 933 kJ/226 kcal</span></p><p><span style=""color: rgb(38, 38, 58);"">Fett 21 g</span></p><p><span style=""color: rgb(38, 38, 58);"">-varav mättat fett 14 g</span></p><p><span style=""color: rgb(38, 38, 58);"">Kolhydrat 4.3 g</span></p><p><span style=""color: rgb(38, 38, 58);"">-varav sockerarter 4.3 g</span></p><p><span style=""color: rgb(38, 38, 58);"">Fiber 0.2 g</span></p><p><span style=""color: rgb(38, 38, 58);"">Protein 5.4 g</span></p><p><span style=""color: rgb(38, 38, 58);"">Salt 0.75 g</span></p></div><div class=""ql-clipboard"" contenteditable=""true"" tabindex=""-1""></div><div class=""ql-tooltip ql-hidden""><a class=""ql-preview"" target=""_blank"" href=""about:blank""></a><input type=""text"" data-formula=""e=mc^2"" data-link=""https://quilljs.com"" data-video=""Embed URL""><a class=""ql-action""></a><a class=""ql-remove""></a></div>","","<div class=""ql-editor"" data-gramm=""false"" contenteditable=""true""><p>Livshem har ambitionen att alltid ge rätt produkt information. Förändringar i produktens innehåll kan ske över tid, kontrollera därför alltid före användning informationen på produktens förpackning.</p></div><div class=""ql-clipboard"" contenteditable=""true"" tabindex=""-1""></div><div class=""ql-tooltip ql-hidden""><a class=""ql-preview"" target=""_blank"" href=""about:blank""></a><input type=""text"" data-formula=""e=mc^2"" data-link=""https://quilljs.com"" data-video=""Embed URL""><a class=""ql-action""></a><a class=""ql-remove""></a></div>","","32,95","","109,83 kr/kg","","In Stock","300 g","","Ost","Matlagningsost"
"139","https://livsham2.softwarebyte.co/assets/images/product_image/4874.jpg","Halloumi orginal","Mejeri, ost & ägg","Lager","<div class=""ql-editor"" data-gramm=""false"" contenteditable=""true""><p>Halloumi Orginalet är gjord på traditionellt vis på Cypern av ko, får- och getmjölk, handvikt och med mynta. Passar perfekt att steka, grilla, riva eller äta naturell.</p><p><br></p><p><strong>Innehållsförteckning</strong> </p><p>Pastöriserad ko-,get- och fårMJÖLK, havssalt, vegetabiliskt ystenzym, mynta.</p><p><br></p><p><br></p><p>Fö<strong>rvaring</strong></p><p><br></p><p>Förvaras kyld vid högst&nbsp;8°C</p></div><div class=""ql-clipboard"" contenteditable=""true"" tabindex=""-1""></div><div class=""ql-tooltip ql-hidden""><a class=""ql-preview"" target=""_blank"" href=""about:blank""></a><input type=""text"" data-formula=""e=mc^2"" data-link=""https://quilljs.com"" data-video=""Embed URL""><a class=""ql-action""></a><a class=""ql-remove""></a></div>","Cypern","","<div class=""ql-editor"" data-gramm=""false"" contenteditable=""true""><p><span style=""color: rgb(38, 38, 58);"">Per 100 gram:</span></p><p><span style=""color: rgb(38, 38, 58);"">Energi 1379 kJ/332 kcal</span></p><p><span style=""color: rgb(38, 38, 58);"">Fett 26.1 g</span></p><p><span style=""color: rgb(38, 38, 58);"">-varav mättat fett 18.5 g</span></p><p><span style=""color: rgb(38, 38, 58);"">Kolhydrat 2.3 g</span></p><p><span style=""color: rgb(38, 38, 58);"">-varav sockerarter 2.3 g</span></p><p><span style=""color: rgb(38, 38, 58);"">Protein 22 g</span></p><p><span style=""color: rgb(38, 38, 58);"">Salt 2.3 g</span></p></div><div class=""ql-clipboard"" contenteditable=""true"" tabindex=""-1""></div><div class=""ql-tooltip ql-hidden""><a class=""ql-preview"" target=""_blank"" href=""about:blank""></a><input type=""text"" data-formula=""e=mc^2"" data-link=""https://quilljs.com"" data-video=""Embed URL""><a class=""ql-action""></a><a class=""ql-remove""></a></div>","","<div class=""ql-editor"" data-gramm=""false"" contenteditable=""true""><p>Livshem har ambitionen att alltid ge rätt produkt information. Förändringar i produktens innehåll kan ske över tid, kontrollera därför alltid före användning informationen på produktens förpackning.</p></div><div class=""ql-clipboard"" contenteditable=""true"" tabindex=""-1""></div><div class=""ql-tooltip ql-hidden""><a class=""ql-preview"" target=""_blank"" href=""about:blank""></a><input type=""text"" data-formula=""e=mc^2"" data-link=""https://quilljs.com"" data-video=""Embed URL""><a class=""ql-action""></a><a class=""ql-remove""></a></div>","","33,95","","169,75 kr/kg","","In Stock","200 g","","Ost","Matlagningsost"
"140","https://livsham2.softwarebyte.co/assets/images/product_image/28751.jpg","Fetaost Original","Mejeri, ost & ägg","Lager","<div class=""ql-editor"" data-gramm=""false"" contenteditable=""true""><p><span style=""background-color: rgb(245, 243, 241); color: rgb(7, 40, 82);"">Feta Orginal har en lätt syrlig smak med lite sälta. Konsistensen varierar från fast till lätt krämig beroende på vilken fetaost du väljer. Passar i sallad och i all slags matlagning.</span></p></div><div class=""ql-clipboard"" contenteditable=""true"" tabindex=""-1""></div><div class=""ql-tooltip ql-hidden""><a class=""ql-preview"" target=""_blank"" href=""about:blank""></a><input type=""text"" data-formula=""e=mc^2"" data-link=""https://quilljs.com"" data-video=""Embed URL""><a class=""ql-action""></a><a class=""ql-remove""></a></div>","Grekland","Pastöriserad får- och getMJÖLK, havssalt, vegetabiliskt ystenzym, mjölksyrakultur.","<div class=""ql-editor"" data-gramm=""false"" contenteditable=""true""><p><span style=""color: rgb(38, 38, 58);"">Per 100 gram:</span></p><p><span style=""color: rgb(38, 38, 58);"">Energi 1163 kJ/278 kcal</span></p><p><span style=""color: rgb(38, 38, 58);"">Fett 23 g</span></p><p><span style=""color: rgb(38, 38, 58);"">-varav mättat fett 13.7 g</span></p><p><span style=""color: rgb(38, 38, 58);"">Kolhydrat 0.7 g</span></p><p><span style=""color: rgb(38, 38, 58);"">-varav sockerarter 0.7 g</span></p><p><span style=""color: rgb(38, 38, 58);"">Protein 17 g</span></p><p><span style=""color: rgb(38, 38, 58);"">Salt 2.5 g</span></p></div><div class=""ql-clipboard"" contenteditable=""true"" tabindex=""-1""></div><div class=""ql-tooltip ql-hidden""><a class=""ql-preview"" target=""_blank"" href=""about:blank""></a><input type=""text"" data-formula=""e=mc^2"" data-link=""https://quilljs.com"" data-video=""Embed URL""><a class=""ql-action""></a><a class=""ql-remove""></a></div>","Förvaras kyld vid högst 8°C","<div class=""ql-editor"" data-gramm=""false"" contenteditable=""true""><p>Livshem har ambitionen att alltid ge rätt produkt information. Förändringar i produktens innehåll kan ske över tid, kontrollera därför alltid före användning informationen på produktens förpackning.</p></div><div class=""ql-clipboard"" contenteditable=""true"" tabindex=""-1""></div><div class=""ql-tooltip ql-hidden""><a class=""ql-preview"" target=""_blank"" href=""about:blank""></a><input type=""text"" data-formula=""e=mc^2"" data-link=""https://quilljs.com"" data-video=""Embed URL""><a class=""ql-action""></a><a class=""ql-remove""></a></div>","","28,95","","193,00 kr/kg","","In Stock","150 g","","Ost","Matlagningsost"
"141","https://livsham2.softwarebyte.co/assets/images/product_image/53075.jpg","Fetaost Original skivad","Mejeri, ost & ägg","Lager","<div class=""ql-editor"" data-gramm=""false"" contenteditable=""true""><p>Färdigsskivad fetaost på 100% grekisk mjölk. Den finaste mjölken från får- och geter som strövar fritt på Olympiabergets sluttningar i Norra Grekland. Med kärlek och stor respekt för både natur och traditioner, tar vi till vara på områdets unika förutsättningar för att skapa en förstklassig fetaost.</p></div><div class=""ql-clipboard"" contenteditable=""true"" tabindex=""-1""></div><div class=""ql-tooltip ql-hidden""><a class=""ql-preview"" target=""_blank"" href=""about:blank""></a><input type=""text"" data-formula=""e=mc^2"" data-link=""https://quilljs.com"" data-video=""Embed URL""><a class=""ql-action""></a><a class=""ql-remove""></a></div>","Grekland","Pastöriserad får- och getmjölk, havssalt (2,5%), mjölksyrakultur, vegetabiliskt ystenzym","<div class=""ql-editor"" data-gramm=""false"" contenteditable=""true""><p><span style=""color: rgb(38, 38, 58);"">Per 100 gram:</span></p><p><span style=""color: rgb(38, 38, 58);"">Energi 1163 kJ/278 kcal</span></p><p><span style=""color: rgb(38, 38, 58);"">Fett 23 g</span></p><p><span style=""color: rgb(38, 38, 58);"">-varav mättat fett 13.7 g</span></p><p><span style=""color: rgb(38, 38, 58);"">Kolhydrat 0.7 g</span></p><p><span style=""color: rgb(38, 38, 58);"">-varav sockerarter 0.7 g</span></p><p><span style=""color: rgb(38, 38, 58);"">Protein 17 g</span></p><p><span style=""color: rgb(38, 38, 58);"">Salt 2.5 g</span></p></div><div class=""ql-clipboard"" contenteditable=""true"" tabindex=""-1""></div><div class=""ql-tooltip ql-hidden""><a class=""ql-preview"" target=""_blank"" href=""about:blank""></a><input type=""text"" data-formula=""e=mc^2"" data-link=""https://quilljs.com"" data-video=""Embed URL""><a class=""ql-action""></a><a class=""ql-remove""></a></div>","Förvaras kyld vid högst 8°C","<div class=""ql-editor"" data-gramm=""false"" contenteditable=""true""><p>Livshem har ambitionen att alltid ge rätt produkt information. Förändringar i produktens innehåll kan ske över tid, kontrollera därför alltid före användning informationen på produktens förpackning.</p></div><div class=""ql-clipboard"" contenteditable=""true"" tabindex=""-1""></div><div class=""ql-tooltip ql-hidden""><a class=""ql-preview"" target=""_blank"" href=""about:blank""></a><input type=""text"" data-formula=""e=mc^2"" data-link=""https://quilljs.com"" data-video=""Embed URL""><a class=""ql-action""></a><a class=""ql-remove""></a></div>","","169,00","","169,00 kr/kg","","In Stock","1kg","","Ost","Matlagningsost"
"142","https://livsham2.softwarebyte.co/assets/images/product_image/57281.jpg","Piknik Ciftlik Peyniri Vitost 60%","Mejeri, ost & ägg","Snabbgross","<div class=""ql-editor"" data-gramm=""false"" contenteditable=""true""><p>En traditionell vitost med mild och krämig smak. Passar till sallad, på meze-bordet eller naturell precis som den är!</p></div><div class=""ql-clipboard"" contenteditable=""true"" tabindex=""-1""></div><div class=""ql-tooltip ql-hidden""><a class=""ql-preview"" target=""_blank"" href=""about:blank""></a><input type=""text"" data-formula=""e=mc^2"" data-link=""https://quilljs.com"" data-video=""Embed URL""><a class=""ql-action""></a><a class=""ql-remove""></a></div>","Österrike","Ingredienser: PastöriserKOMJÖLK, salt 2,8% (kraftigt saltad), mikrobiellt ystenzym, mjölksyrekultur.","<div class=""ql-editor"" data-gramm=""false"" contenteditable=""true""><p><span style=""color: rgb(38, 38, 58);"">Per 100 gram:</span></p><p><span style=""color: rgb(38, 38, 58);"">Energi </span>1245<span style=""color: rgb(38, 38, 58);""> kJ/301 kcal</span></p><p><span style=""color: rgb(38, 38, 58);"">Fett 28 g</span></p><p><span style=""color: rgb(38, 38, 58);"">-varav mättat fett 20 g</span></p><p><span style=""color: rgb(38, 38, 58);"">Kolhydrat 0.3 g</span></p><p><span style=""color: rgb(38, 38, 58);"">-varav sockerarter 0.3 g</span></p><p><span style=""color: rgb(38, 38, 58);"">Protein 12 g</span></p><p><span style=""color: rgb(38, 38, 58);"">Salt 2.8 g</span></p></div><div class=""ql-clipboard"" contenteditable=""true"" tabindex=""-1""></div><div class=""ql-tooltip ql-hidden""><a class=""ql-preview"" target=""_blank"" href=""about:blank""></a><input type=""text"" data-formula=""e=mc^2"" data-link=""https://quilljs.com"" data-video=""Embed URL""><a class=""ql-action""></a><a class=""ql-remove""></a></div>","Förvaras kyld vid högst 5°C","<div class=""ql-editor"" data-gramm=""false"" contenteditable=""true""><p>Livshem har ambitionen att alltid ge rätt produkt information. Förändringar i produktens innehåll kan ske över tid, kontrollera därför alltid före användning informationen på produktens förpackning.</p></div><div class=""ql-clipboard"" contenteditable=""true"" tabindex=""-1""></div><div class=""ql-tooltip ql-hidden""><a class=""ql-preview"" target=""_blank"" href=""about:blank""></a><input type=""text"" data-formula=""e=mc^2"" data-link=""https://quilljs.com"" data-video=""Embed URL""><a class=""ql-action""></a><a class=""ql-remove""></a></div>","","119,00","","148,75 kr/kg","","In Stock","800 g","","Ost","Matlagningsost"
"143","https://livsham2.softwarebyte.co/assets/images/product_image/38759.jpg","Mild yoghurt Vanilj 2%","Mejeri, ost & ägg","Lager","<div class=""ql-editor"" data-gramm=""false"" contenteditable=""true""><p>Mild vaniljyoghurt med en len och krämig konsistens kombinerat med en fin, mjuk smak. Arla Ko® Mild yoghurt vanilj 2% räddar både frukost och mellanmål för hela familjen. God som den är, kombinera gärna med dina favorittillbehör som müsli, flingor, frukt eller bär. Vaniljyoghurt är en perfekt bas till smoothies. När du ser Arla Ko vet du att produkten görs på 100 procent svensk mjölk.&nbsp;I en praktisk förpackning som är enkel&nbsp;att förvara, hälla ur, tömma och återvinna.</p></div><div class=""ql-clipboard"" contenteditable=""true"" tabindex=""-1""></div><div class=""ql-tooltip ql-hidden""><a class=""ql-preview"" target=""_blank"" href=""about:blank""></a><input type=""text"" data-formula=""e=mc^2"" data-link=""https://quilljs.com"" data-video=""Embed URL""><a class=""ql-action""></a><a class=""ql-remove""></a></div>","Sverige","Högpastöriserad MJÖLK, socker 5%, MJÖLKPROTEIN, naturlig arom, vaniljextrakt, mild YOGHURTkultur, vitamin D.","<div class=""ql-editor"" data-gramm=""false"" contenteditable=""true""><p>Per 100 gram:</p><p>Energi 300 kJ/70 kcal</p><p>Fett 2 g</p><p>-varav mättat fett 1.3 g</p><p>Kolhydrat 8.7 g</p><p>-varav sockerarter 8.7 g</p><p>Protein 3.9 g</p><p>Salt 0.1 g</p><p>Vitamin D 1 µg</p><p>Kalcium 117 mg</p><p><br></p></div><div class=""ql-clipboard"" contenteditable=""true"" tabindex=""-1""></div><div class=""ql-tooltip ql-hidden""><a class=""ql-preview"" target=""_blank"" href=""about:blank""></a><input type=""text"" data-formula=""e=mc^2"" data-link=""https://quilljs.com"" data-video=""Embed URL""><a class=""ql-action""></a><a class=""ql-remove""></a></div>","Förvaras kyld vid högst 8°C","<div class=""ql-editor"" data-gramm=""false"" contenteditable=""true""><p>Livshem har ambitionen att alltid ge rätt produkt information. Förändringar i produktens innehåll kan ske över tid, kontrollera därför alltid före användning informationen på produktens förpackning.</p></div><div class=""ql-clipboard"" contenteditable=""true"" tabindex=""-1""></div><div class=""ql-tooltip ql-hidden""><a class=""ql-preview"" target=""_blank"" href=""about:blank""></a><input type=""text"" data-formula=""e=mc^2"" data-link=""https://quilljs.com"" data-video=""Embed URL""><a class=""ql-action""></a><a class=""ql-remove""></a></div>","","23,95","","23,95 kr/kg","","In Stock","1 kg","","Yoghurt","Yoghurt smaksatt"
"144","https://livsham2.softwarebyte.co/assets/images/product_image/86803.jpg","Yoghurt Original Jordgubb & smultron 2%","Mejeri, ost & ägg","Snabbgross","<div class=""ql-editor"" data-gramm=""false"" contenteditable=""true""><p>Njut av lyxigt krämig yoghurt rik på frukt. Arla Yoggi® Original jordgubb &amp; smultron görs på naturliga råvaror med mild, rund smak av äkta jordgubbar och smultron. Smaken är 100 procent naturlig och det är frukten som skänker yoghurten den fina färgen. Yoggi yoghurt passar hela familjen och kan njutas till frukoststunden, som ett snabbt mellanmål eller enkel efterrätt.</p></div><div class=""ql-clipboard"" contenteditable=""true"" tabindex=""-1""></div><div class=""ql-tooltip ql-hidden""><a class=""ql-preview"" target=""_blank"" href=""about:blank""></a><input type=""text"" data-formula=""e=mc^2"" data-link=""https://quilljs.com"" data-video=""Embed URL""><a class=""ql-action""></a><a class=""ql-remove""></a></div>","Sverige","MJÖLK, bär 8% (jordgubbar 7,5 %, smultron 0,5 %), socker 7,4 %, MJÖLKPROTEIN, majsstärkelse, naturlig arom, yoghurtkultur, vitamin D. Mjölken är högpastöriserad.","<div class=""ql-editor"" data-gramm=""false"" contenteditable=""true""><p>Per 100 gram:</p><p>Energi 330 kJ/80 kcal</p><p>Fett 2 g</p><p>-varav mättat fett 1.3 g</p><p>Kolhydrat 12 g</p><p>-varav sockerarter 11 g</p><p>Protein 3.4 g</p><p>Salt 0.1 g</p><p>Vitamin D 0.94 µg</p><p><br></p></div><div class=""ql-clipboard"" contenteditable=""true"" tabindex=""-1""></div><div class=""ql-tooltip ql-hidden""><a class=""ql-preview"" target=""_blank"" href=""about:blank""></a><input type=""text"" data-formula=""e=mc^2"" data-link=""https://quilljs.com"" data-video=""Embed URL""><a class=""ql-action""></a><a class=""ql-remove""></a></div>","Förvaras kyld vid högst 8°C","<div class=""ql-editor"" data-gramm=""false"" contenteditable=""true""><p>Livshem har ambitionen att alltid ge rätt produkt information. Förändringar i produktens innehåll kan ske över tid, kontrollera därför alltid före användning informationen på produktens förpackning.</p></div><div class=""ql-clipboard"" contenteditable=""true"" tabindex=""-1""></div><div class=""ql-tooltip ql-hidden""><a class=""ql-preview"" target=""_blank"" href=""about:blank""></a><input type=""text"" data-formula=""e=mc^2"" data-link=""https://quilljs.com"" data-video=""Embed URL""><a class=""ql-action""></a><a class=""ql-remove""></a></div>","","26,95","","26,95 kr/kg","","In Stock","1 kg","","Yoghurt","Yoghurt smaksatt"
"145","https://livsham2.softwarebyte.co/assets/images/product_image/53138.jpg","Yoghurt Original Samoa 2%","Mejeri, ost & ägg","Lager","<div class=""ql-editor"" data-gramm=""false"" contenteditable=""true""><p>Krämig fruktyoghurt med frisk Samoasmak - persika, kiwi, mango, ananas, melon och passionsfrukt. Arla Yoggi® Original Samoa mättar och ger snabbt ny energi, från frukost till dessert. Smaken är helt naturlig och det är frukten som ger yoghurten den fina färgen. Yoggi yoghurt passar både stor och liten, servera till frukost, som ett snabbt mellanmål eller en enkel dessert.</p></div><div class=""ql-clipboard"" contenteditable=""true"" tabindex=""-1""></div><div class=""ql-tooltip ql-hidden""><a class=""ql-preview"" target=""_blank"" href=""about:blank""></a><input type=""text"" data-formula=""e=mc^2"" data-link=""https://quilljs.com"" data-video=""Embed URL""><a class=""ql-action""></a><a class=""ql-remove""></a></div>","Sverige","MJÖLK, frukt 8 % (persika, kiwi, mango, ananas, melon, passionsfruktjuice), socker 7,5%, MJÖLKPROTEIN, majsstärkelse, naturlig arom, yoghurtkultur, vitamin D. Mjölken är högpastöriserad.","<div class=""ql-editor"" data-gramm=""false"" contenteditable=""true""><p>Per 100 gram:</p><p>Energi 340 kJ/80 kcal</p><p>Fett 2 g</p><p>-varav mättat fett 1.3 g</p><p>Kolhydrat 12 g</p><p>-varav sockerarter 11 g</p><p>Protein 3.3 g</p><p>Salt 0.1 g</p><p>Vitamin D 0.93 µg</p></div><div class=""ql-clipboard"" contenteditable=""true"" tabindex=""-1""></div><div class=""ql-tooltip ql-hidden""><a class=""ql-preview"" target=""_blank"" href=""about:blank""></a><input type=""text"" data-formula=""e=mc^2"" data-link=""https://quilljs.com"" data-video=""Embed URL""><a class=""ql-action""></a><a class=""ql-remove""></a></div>","Förvaras kyld vid högst 8°C","<div class=""ql-editor"" data-gramm=""false"" contenteditable=""true""><p>Livshem har ambitionen att alltid ge rätt produkt information. Förändringar i produktens innehåll kan ske över tid, kontrollera därför alltid före användning informationen på produktens förpackning.</p></div><div class=""ql-clipboard"" contenteditable=""true"" tabindex=""-1""></div><div class=""ql-tooltip ql-hidden""><a class=""ql-preview"" target=""_blank"" href=""about:blank""></a><input type=""text"" data-formula=""e=mc^2"" data-link=""https://quilljs.com"" data-video=""Embed URL""><a class=""ql-action""></a><a class=""ql-remove""></a></div>","","26,95","","26,95 kr/kg","","In Stock","1 kg","","Yoghurt","Yoghurt smaksatt"
"146","https://livsham2.softwarebyte.co/assets/images/product_image/80627.jpg","Yoghurt Original Skogsbär","Mejeri, ost & ägg","Lager","<div class=""ql-editor"" data-gramm=""false"" contenteditable=""true""><p>Krämig fruktyoghurt med mycket frukt och mild, rund smak av skogsbär – jordgubbar, blåbär, björnbär, hallon och lingon. Arla Yoggi® Original skogsbär är en njutning som mättar och ger energi. Smaken är helt naturlig och det är skogens bär som skänkt yoghurten den fina färgen. Yoggi yoghurt passar både stor och liten, servera till frukost, som ett snabbt mellanmål eller en enkel dessert.</p></div><div class=""ql-clipboard"" contenteditable=""true"" tabindex=""-1""></div><div class=""ql-tooltip ql-hidden""><a class=""ql-preview"" target=""_blank"" href=""about:blank""></a><input type=""text"" data-formula=""e=mc^2"" data-link=""https://quilljs.com"" data-video=""Embed URL""><a class=""ql-action""></a><a class=""ql-remove""></a></div>","Sverige","MJÖLK, bär 8% (jordgubbar, hallon, blåbär, björnbär, lingon), socker 7,7%, MJÖLKPROTEIN, majsstärkelse, naturlig arom, yoghurtkultur, vitamin D. Mjölken är högpastöriserad.","<div class=""ql-editor"" data-gramm=""false"" contenteditable=""true""><p>Per 100 gram:</p><p>Energi 330 kJ/80 kcal</p><p>Fett 2 g</p><p>-varav mättat fett 1.3 g</p><p>Kolhydrat 12 g</p><p>-varav sockerarter 11 g</p><p>Protein 3.4 g</p><p>Salt 0.1 g</p><p>Vitamin D 0.94 µg</p><p><br></p></div><div class=""ql-clipboard"" contenteditable=""true"" tabindex=""-1""></div><div class=""ql-tooltip ql-hidden""><a class=""ql-preview"" target=""_blank"" href=""about:blank""></a><input type=""text"" data-formula=""e=mc^2"" data-link=""https://quilljs.com"" data-video=""Embed URL""><a class=""ql-action""></a><a class=""ql-remove""></a></div>","Förvaras kyld vid högst 8°C","<div class=""ql-editor"" data-gramm=""false"" contenteditable=""true""><p>Livshem har ambitionen att alltid ge rätt produkt information. Förändringar i produktens innehåll kan ske över tid, kontrollera därför alltid före användning informationen på produktens förpackning.</p></div><div class=""ql-clipboard"" contenteditable=""true"" tabindex=""-1""></div><div class=""ql-tooltip ql-hidden""><a class=""ql-preview"" target=""_blank"" href=""about:blank""></a><input type=""text"" data-formula=""e=mc^2"" data-link=""https://quilljs.com"" data-video=""Embed URL""><a class=""ql-action""></a><a class=""ql-remove""></a></div>","","26,95","","26,95 kr/kg","","In Stock","1 kg","","Yoghurt","Yoghurt smaksatt"
"147","https://livsham2.softwarebyte.co/assets/images/product_image/93153.jpg","Yoghurt Original Blåbär 2%","Mejeri, ost & ägg","Lager","<div class=""ql-editor"" data-gramm=""false"" contenteditable=""true""><p>Lyxigt krämig yoghurt rik på frukt. Den görs på naturliga råvaror med mild, rund smak av hallon. Arla Yoggi® Original blåbär är en njutning som mättar och ger energi vid behov. Smaken och färgen kommer enbart från blåbären. Yoggi original är gott för hela familjen, ät den till frukost, som ett snabbt mellanmål eller som enkel dessert. Sveriges godaste fruktyoghurt.</p></div><div class=""ql-clipboard"" contenteditable=""true"" tabindex=""-1""></div><div class=""ql-tooltip ql-hidden""><a class=""ql-preview"" target=""_blank"" href=""about:blank""></a><input type=""text"" data-formula=""e=mc^2"" data-link=""https://quilljs.com"" data-video=""Embed URL""><a class=""ql-action""></a><a class=""ql-remove""></a></div>","Sverige","MJÖLK, blåbär 8%, socker 7,5%, MJÖLKPROTEIN, majsstärkelse, citronjuice, naturlig arom, yoghurtkultur, vitamin D. D-vitaminberikad. Mjölken är högpastöriserad.","<div class=""ql-editor"" data-gramm=""false"" contenteditable=""true""><p><span style=""color: rgb(38, 38, 58);"">Per 100 gram:</span></p><p><span style=""color: rgb(38, 38, 58);"">Energi 360 kJ/90 kcal</span></p><p><span style=""color: rgb(38, 38, 58);"">Fett 2 g</span></p><p><span style=""color: rgb(38, 38, 58);"">-varav mättat fett 1.3 g</span></p><p><span style=""color: rgb(38, 38, 58);"">Kolhydrat 13 g</span></p><p><span style=""color: rgb(38, 38, 58);"">-varav sockerarter 12 g</span></p><p><span style=""color: rgb(38, 38, 58);"">Protein 3.3 g</span></p><p><span style=""color: rgb(38, 38, 58);"">Salt 0.1 g</span></p><p><span style=""color: rgb(38, 38, 58);"">Vitamin D 0.93 µg</span></p></div><div class=""ql-clipboard"" contenteditable=""true"" tabindex=""-1""></div><div class=""ql-tooltip ql-hidden""><a class=""ql-preview"" target=""_blank"" href=""about:blank""></a><input type=""text"" data-formula=""e=mc^2"" data-link=""https://quilljs.com"" data-video=""Embed URL""><a class=""ql-action""></a><a class=""ql-remove""></a></div>","Förvaras kyld vid högst 8°C","<div class=""ql-editor"" data-gramm=""false"" contenteditable=""true""><p>Livshem har ambitionen att alltid ge rätt produkt information. Förändringar i produktens innehåll kan ske över tid, kontrollera därför alltid före användning informationen på produktens förpackning.</p></div><div class=""ql-clipboard"" contenteditable=""true"" tabindex=""-1""></div><div class=""ql-tooltip ql-hidden""><a class=""ql-preview"" target=""_blank"" href=""about:blank""></a><input type=""text"" data-formula=""e=mc^2"" data-link=""https://quilljs.com"" data-video=""Embed URL""><a class=""ql-action""></a><a class=""ql-remove""></a></div>","","26,95","","26,95 kr/kg","","In Stock","1 kg","","Yoghurt","Yoghurt smaksatt"
"148","https://livsham2.softwarebyte.co/assets/images/product_image/16834.jpg","Yoghurt Mild Vanilj 2%","Mejeri, ost & ägg","Lager","<div class=""ql-editor"" data-gramm=""false"" contenteditable=""true""><p>En god yoghurt med mild vaniljsmak och krämigt len konsistens. Gjord på svensk mjölk från Arlagårdar. Arla Ko® Mild yoghurt vaniljsmak är ett bra val för hela familjen, till frukost och mellanmål. God i all sin enkelhet men ät den gärna med exempelvis granola, müsli och frukt. Testa också vaniljyoghurt när du ska göra smoothies. Varumärket Arla Ko garanterar att produkten är gjord på 100 procent svensk mjölk.</p></div><div class=""ql-clipboard"" contenteditable=""true"" tabindex=""-1""></div><div class=""ql-tooltip ql-hidden""><a class=""ql-preview"" target=""_blank"" href=""about:blank""></a><input type=""text"" data-formula=""e=mc^2"" data-link=""https://quilljs.com"" data-video=""Embed URL""><a class=""ql-action""></a><a class=""ql-remove""></a></div>","Sverige","Högpastöriserad MJÖLK, socker 5%, MJÖLKPROTEIN, naturlig arom, vaniljextrakt, mild yoghurtkultur, vitamin D.","<div class=""ql-editor"" data-gramm=""false"" contenteditable=""true""><p><span style=""color: rgb(38, 38, 58);"">Per 100 gram:</span></p><p><span style=""color: rgb(38, 38, 58);"">Energi 300 kJ/70 kcal</span></p><p><span style=""color: rgb(38, 38, 58);"">Fett 2 g</span></p><p><span style=""color: rgb(38, 38, 58);"">-varav mättat fett 1.3 g</span></p><p><span style=""color: rgb(38, 38, 58);"">Kolhydrat 8.7 g</span></p><p><span style=""color: rgb(38, 38, 58);"">-varav sockerarter 8.7 g</span></p><p><span style=""color: rgb(38, 38, 58);"">Protein 3.9 g</span></p><p><span style=""color: rgb(38, 38, 58);"">Salt 0.1 g</span></p><p><span style=""color: rgb(38, 38, 58);"">Vitamin D 1 µg</span></p><p><span style=""color: rgb(38, 38, 58);"">Kalcium 117 mg</span></p></div><div class=""ql-clipboard"" contenteditable=""true"" tabindex=""-1""></div><div class=""ql-tooltip ql-hidden""><a class=""ql-preview"" target=""_blank"" href=""about:blank""></a><input type=""text"" data-formula=""e=mc^2"" data-link=""https://quilljs.com"" data-video=""Embed URL""><a class=""ql-action""></a><a class=""ql-remove""></a></div>","Förvaras kyld vid högst 8°C","<div class=""ql-editor"" data-gramm=""false"" contenteditable=""true""><p>Livshem har ambitionen att alltid ge rätt produkt information. Förändringar i produktens innehåll kan ske över tid, kontrollera därför alltid före användning informationen på produktens förpackning.</p></div><div class=""ql-clipboard"" contenteditable=""true"" tabindex=""-1""></div><div class=""ql-tooltip ql-hidden""><a class=""ql-preview"" target=""_blank"" href=""about:blank""></a><input type=""text"" data-formula=""e=mc^2"" data-link=""https://quilljs.com"" data-video=""Embed URL""><a class=""ql-action""></a><a class=""ql-remove""></a></div>","","32,95","","21,97 kr/kg","","In Stock","1,5 kg","","Yoghurt","Yoghurt smaksatt"
"149","https://livsham2.softwarebyte.co/assets/images/product_image/10774.jpg","Yoghurt Original Skogsbär 2% Laktosfri","Mejeri, ost & ägg","Lager","<div class=""ql-editor"" data-gramm=""false"" contenteditable=""true""><p>Krämig laktosfri fruktyoghurt rik på frukt med mild, rund smak av jordgubb, blåbär, björnbär, hallon och lingon. Arla Yoggi® Original laktosfri skogsbär har såväl naturlig smak som färg. Yoggi laktosfri är samma goda yoghurt som Yoggi original, men fri från laktos. Yoggi yoghurt passar både stor och liten, servera till frukost, som ett snabbt mellanmål eller en enkel dessert.</p></div><div class=""ql-clipboard"" contenteditable=""true"" tabindex=""-1""></div><div class=""ql-tooltip ql-hidden""><a class=""ql-preview"" target=""_blank"" href=""about:blank""></a><input type=""text"" data-formula=""e=mc^2"" data-link=""https://quilljs.com"" data-video=""Embed URL""><a class=""ql-action""></a><a class=""ql-remove""></a></div>","Sverige","MJÖLK, bär 8 % (jordgubbar, hallon, blåbär, björnbär, lingon), socker 7,7%, MJÖLKPROTEIN, majsstärkelse, naturlig arom, laktasenzym och yoghurtkultur, vitamin D. Mjölken är högpastöriserad.","<div class=""ql-editor"" data-gramm=""false"" contenteditable=""true""><p><span style=""color: rgb(38, 38, 58);"">Per 100 gram:</span></p><p><span style=""color: rgb(38, 38, 58);"">Energi 350 kJ/80 kcal</span></p><p><span style=""color: rgb(38, 38, 58);"">Fett 2.1 g</span></p><p><span style=""color: rgb(38, 38, 58);"">-varav mättat fett 1.3 g</span></p><p><span style=""color: rgb(38, 38, 58);"">Kolhydrat 12 g</span></p><p><span style=""color: rgb(38, 38, 58);"">-varav sockerarter 12 g</span></p><p><span style=""color: rgb(38, 38, 58);"">Protein 3.5 g</span></p><p><span style=""color: rgb(38, 38, 58);"">Salt 0.1 g</span></p><p><span style=""color: rgb(38, 38, 58);"">Vitamin D 0.94 µg</span></p><p><span style=""color: rgb(38, 38, 58);"">Laktos 0 g</span></p></div><div class=""ql-clipboard"" contenteditable=""true"" tabindex=""-1""></div><div class=""ql-tooltip ql-hidden""><a class=""ql-preview"" target=""_blank"" href=""about:blank""></a><input type=""text"" data-formula=""e=mc^2"" data-link=""https://quilljs.com"" data-video=""Embed URL""><a class=""ql-action""></a><a class=""ql-remove""></a></div>","Förvaras kyld vid högst 8°C","<div class=""ql-editor"" data-gramm=""false"" contenteditable=""true""><p>Livshem har ambitionen att alltid ge rätt produkt information. Förändringar i produktens innehåll kan ske över tid, kontrollera därför alltid före användning informationen på produktens förpackning.</p></div><div class=""ql-clipboard"" contenteditable=""true"" tabindex=""-1""></div><div class=""ql-tooltip ql-hidden""><a class=""ql-preview"" target=""_blank"" href=""about:blank""></a><input type=""text"" data-formula=""e=mc^2"" data-link=""https://quilljs.com"" data-video=""Embed URL""><a class=""ql-action""></a><a class=""ql-remove""></a></div>","","29,95","","29,95 kr/kg","","In Stock","1 kg","","Yoghurt","Laktosfri smaksatt & naturell yoghurt"
"150","https://livsham2.softwarebyte.co/assets/images/product_image/32867.jpg","Yoghurt Madagaskar vanilj Laktosfri 2%","Mejeri, ost & ägg","Lager","<div class=""ql-editor"" data-gramm=""false"" contenteditable=""true""><p>Krämig, laktosfri yoghurt med mild och len smak av äkta vanilj. Arla Yoggi® Original laktosfri Madagaskar vanilj har fått sin naturliga smak från äkta vaniljstång från Madagaskar. Yoggi laktosfri är samma goda yoghurt som Yoggi original, skillnaden är att den är fri från laktos. Yoggi yoghurt passar både stor och liten, servera till frukost, som ett snabbt mellanmål eller en enkel dessert.</p></div><div class=""ql-clipboard"" contenteditable=""true"" tabindex=""-1""></div><div class=""ql-tooltip ql-hidden""><a class=""ql-preview"" target=""_blank"" href=""about:blank""></a><input type=""text"" data-formula=""e=mc^2"" data-link=""https://quilljs.com"" data-video=""Embed URL""><a class=""ql-action""></a><a class=""ql-remove""></a></div>","Sverige","MJÖLK, socker 6,6%, MJÖLKPROTEIN, majsstärkelse, vaniljextrakt från Madagaskar 0,2%, mald vaniljstång 0,02%, syra (citronsyra), laktasenzym, yoghurtkultur, vitamin D. Mjölken är högpastöriserad.","<div class=""ql-editor"" data-gramm=""false"" contenteditable=""true""><p><span style=""color: rgb(38, 38, 58);"">Per 100 gram:</span></p><p><span style=""color: rgb(38, 38, 58);"">Energi 320 kJ/80 kcal</span></p><p><span style=""color: rgb(38, 38, 58);"">Fett 2 g</span></p><p><span style=""color: rgb(38, 38, 58);"">-varav mättat fett 1.2 g</span></p><p><span style=""color: rgb(38, 38, 58);"">Kolhydrat 11 g</span></p><p><span style=""color: rgb(38, 38, 58);"">-varav sockerarter 9.8 g</span></p><p><span style=""color: rgb(38, 38, 58);"">Protein 3.4 g</span></p><p><span style=""color: rgb(38, 38, 58);"">Salt 0.1 g</span></p><p><span style=""color: rgb(38, 38, 58);"">Vitamin D 0.93 µg</span></p><p><span style=""color: rgb(38, 38, 58);"">Laktos 0 g</span></p></div><div class=""ql-clipboard"" contenteditable=""true"" tabindex=""-1""></div><div class=""ql-tooltip ql-hidden""><a class=""ql-preview"" target=""_blank"" href=""about:blank""></a><input type=""text"" data-formula=""e=mc^2"" data-link=""https://quilljs.com"" data-video=""Embed URL""><a class=""ql-action""></a><a class=""ql-remove""></a></div>","Förvaras kyld vid högst 8°C","<div class=""ql-editor"" data-gramm=""false"" contenteditable=""true""><p>Livshem har ambitionen att alltid ge rätt produkt information. Förändringar i produktens innehåll kan ske över tid, kontrollera därför alltid före användning informationen på produktens förpackning.</p></div><div class=""ql-clipboard"" contenteditable=""true"" tabindex=""-1""></div><div class=""ql-tooltip ql-hidden""><a class=""ql-preview"" target=""_blank"" href=""about:blank""></a><input type=""text"" data-formula=""e=mc^2"" data-link=""https://quilljs.com"" data-video=""Embed URL""><a class=""ql-action""></a><a class=""ql-remove""></a></div>","","29,95","","29,95 kr/kg","","In Stock","1 kg","","Yoghurt","Laktosfri smaksatt & naturell yoghurt"
"151","https://livsham2.softwarebyte.co/assets/images/product_image/61941.jpg","Yoghurt Original Samoa 2% Laktosfri","Mejeri, ost & ägg","Lager","<div class=""ql-editor"" data-gramm=""false"" contenteditable=""true""><p>Yoggi laktosfri yoghurt med härlig smak av persika, kiwi, mango, ananas, melon och passionsfrukt. Smakerna och färgerna är helt naturliga och kommer från frukterna. Arla Yoggi® Original laktosfri Samoa 2% är samma goda krämiga milda yoghurt som Yoggi original, det är bara laktosen som är borttagen. Yoggi yoghurt passar både stor och liten, servera till frukost, som ett snabbt mellanmål eller en enkel dessert.</p></div><div class=""ql-clipboard"" contenteditable=""true"" tabindex=""-1""></div><div class=""ql-tooltip ql-hidden""><a class=""ql-preview"" target=""_blank"" href=""about:blank""></a><input type=""text"" data-formula=""e=mc^2"" data-link=""https://quilljs.com"" data-video=""Embed URL""><a class=""ql-action""></a><a class=""ql-remove""></a></div>","Sverige","MJÖLK, frukt 8 % (persika, kiwi, mango, ananas, melon, passionsfruktjuice), socker 7,5 %, MJÖLKPROTEIN, majsstärkelse, naturlig arom, laktasenzym och yoghurtkultur, vitamin D. Mjölken är högpastöriserad.","<div class=""ql-editor"" data-gramm=""false"" contenteditable=""true""><p><span style=""color: rgb(38, 38, 58);"">Per 100 gram:</span></p><p><span style=""color: rgb(38, 38, 58);"">Energi 350 kJ/80 kcal</span></p><p><span style=""color: rgb(38, 38, 58);"">Fett 2 g</span></p><p><span style=""color: rgb(38, 38, 58);"">-varav mättat fett 1.3 g</span></p><p><span style=""color: rgb(38, 38, 58);"">Kolhydrat 12 g</span></p><p><span style=""color: rgb(38, 38, 58);"">-varav sockerarter 11 g</span></p><p><span style=""color: rgb(38, 38, 58);"">Protein 3.4 g</span></p><p><span style=""color: rgb(38, 38, 58);"">Salt 0.1 g</span></p><p><span style=""color: rgb(38, 38, 58);"">Vitamin D 0.93 µg</span></p><p><span style=""color: rgb(38, 38, 58);"">Laktos 0 g</span></p></div><div class=""ql-clipboard"" contenteditable=""true"" tabindex=""-1""></div><div class=""ql-tooltip ql-hidden""><a class=""ql-preview"" target=""_blank"" href=""about:blank""></a><input type=""text"" data-formula=""e=mc^2"" data-link=""https://quilljs.com"" data-video=""Embed URL""><a class=""ql-action""></a><a class=""ql-remove""></a></div>","Förvaras kyld vid högst 8°C","<div class=""ql-editor"" data-gramm=""false"" contenteditable=""true""><p>Livshem har ambitionen att alltid ge rätt produkt information. Förändringar i produktens innehåll kan ske över tid, kontrollera därför alltid före användning informationen på produktens förpackning.</p></div><div class=""ql-clipboard"" contenteditable=""true"" tabindex=""-1""></div><div class=""ql-tooltip ql-hidden""><a class=""ql-preview"" target=""_blank"" href=""about:blank""></a><input type=""text"" data-formula=""e=mc^2"" data-link=""https://quilljs.com"" data-video=""Embed URL""><a class=""ql-action""></a><a class=""ql-remove""></a></div>","","29,95","","29,95 kr/kg","","In Stock","1 kg","","Yoghurt","Laktosfri smaksatt & naturell yoghurt"
"152","https://livsham2.softwarebyte.co/assets/images/product_image/8401.jpg","Yoghurt Jordgubb & vanilj 2% Laktosfri","Mejeri, ost & ägg","Lager","<div class=""ql-editor"" data-gramm=""false"" contenteditable=""true""><p>Laktosfri fruktyoghurt rik på frukt och med krämig konsistens. Arla Yoggi® Original laktosfri jordgubb &amp; vanilj har helt naturlig smak och färg – allt kommer från frukten. Yoggi laktosfri yoghurt är samma goda yoghurt som Yoggi original, det är bara laktosen som är borttagen. Börja dagen med en slät tallrik Yoggi eller njut av den som mättande mellanmål.</p></div><div class=""ql-clipboard"" contenteditable=""true"" tabindex=""-1""></div><div class=""ql-tooltip ql-hidden""><a class=""ql-preview"" target=""_blank"" href=""about:blank""></a><input type=""text"" data-formula=""e=mc^2"" data-link=""https://quilljs.com"" data-video=""Embed URL""><a class=""ql-action""></a><a class=""ql-remove""></a></div>","Sverige","MJÖLK, jordgubbar 8 %, socker 7,5 %, MJÖLKPROTEIN, majsstärkelse, naturlig arom, vaniljextrakt, laktasenzym och yoghurtkultur, vitamin D. Mjölken är högpastöriserad.","<div class=""ql-editor"" data-gramm=""false"" contenteditable=""true""><p>Per 100 gram:</p><p>Energi 340 kJ/80 kcal</p><p>Fett 2 g</p><p>-varav mättat fett 1.3 g</p><p>Kolhydrat 12 g</p><p>-varav sockerarter 11 g</p><p>Protein 3.4 g</p><p>Salt 0.1 g</p><p>Vitamin D 0.93 µg</p><p>Laktos 0 g</p><p><br></p></div><div class=""ql-clipboard"" contenteditable=""true"" tabindex=""-1""></div><div class=""ql-tooltip ql-hidden""><a class=""ql-preview"" target=""_blank"" href=""about:blank""></a><input type=""text"" data-formula=""e=mc^2"" data-link=""https://quilljs.com"" data-video=""Embed URL""><a class=""ql-action""></a><a class=""ql-remove""></a></div>","Förvaras kyld vid högst 8°C","<div class=""ql-editor"" data-gramm=""false"" contenteditable=""true""><p>Livshem har ambitionen att alltid ge rätt produkt information. Förändringar i produktens innehåll kan ske över tid, kontrollera därför alltid före användning informationen på produktens förpackning.</p></div><div class=""ql-clipboard"" contenteditable=""true"" tabindex=""-1""></div><div class=""ql-tooltip ql-hidden""><a class=""ql-preview"" target=""_blank"" href=""about:blank""></a><input type=""text"" data-formula=""e=mc^2"" data-link=""https://quilljs.com"" data-video=""Embed URL""><a class=""ql-action""></a><a class=""ql-remove""></a></div>","","29,95","","29,95 kr/kg","","In Stock","1 kg","","Yoghurt","Laktosfri smaksatt & naturell yoghurt"
"153","https://livsham2.softwarebyte.co/assets/images/product_image/14670.jpg","Mild yoghurt Naturell 3%","Mejeri, ost & ägg","Lager","<div class=""ql-editor"" data-gramm=""false"" contenteditable=""true""><p>Naturell mild yoghurt från Arla, gjord på svensk mjölk från&nbsp;Arlagårdar. Den har tjock och krämig konsistens och mild yoghurtarom. Arla mild naturell yoghurt är ett gott alternativ både till frukost och till mellanmål och är ännu godare med nötter, honung och färska bär. Arla Ko® garanterar att produkten görs på 100 procent svensk mjölk. I en praktisk?förpackning som?är lätt att förvara, hälla, tömma och återvinna. 1 000 g.</p></div><div class=""ql-clipboard"" contenteditable=""true"" tabindex=""-1""></div><div class=""ql-tooltip ql-hidden""><a class=""ql-preview"" target=""_blank"" href=""about:blank""></a><input type=""text"" data-formula=""e=mc^2"" data-link=""https://quilljs.com"" data-video=""Embed URL""><a class=""ql-action""></a><a class=""ql-remove""></a></div>","Sverige","Högpastöriserad MJÖLK, mild yoghurtkultur, vitamin D.","<div class=""ql-editor"" data-gramm=""false"" contenteditable=""true""><p>Per 100 gram:</p><p>Energi 250 kJ/60 kcal</p><p>Fett 3 g</p><p>-varav mättat fett 1.9 g</p><p>Kolhydrat 3.8 g</p><p>-varav sockerarter 3.8 g</p><p>Protein 3.4 g</p><p>Salt 0.1 g</p><p>Vitamin D 1 µg</p><p>Kalcium 120 mg</p><p><br></p></div><div class=""ql-clipboard"" contenteditable=""true"" tabindex=""-1""></div><div class=""ql-tooltip ql-hidden""><a class=""ql-preview"" target=""_blank"" href=""about:blank""></a><input type=""text"" data-formula=""e=mc^2"" data-link=""https://quilljs.com"" data-video=""Embed URL""><a class=""ql-action""></a><a class=""ql-remove""></a></div>","Förvaras kyld vid högst 8°C","<div class=""ql-editor"" data-gramm=""false"" contenteditable=""true""><p>Livshem har ambitionen att alltid ge rätt produkt information. Förändringar i produktens innehåll kan ske över tid, kontrollera därför alltid före användning informationen på produktens förpackning.</p></div><div class=""ql-clipboard"" contenteditable=""true"" tabindex=""-1""></div><div class=""ql-tooltip ql-hidden""><a class=""ql-preview"" target=""_blank"" href=""about:blank""></a><input type=""text"" data-formula=""e=mc^2"" data-link=""https://quilljs.com"" data-video=""Embed URL""><a class=""ql-action""></a><a class=""ql-remove""></a></div>","","18,95","","18,95 kr/kg","","In Stock","1 kg","","Yoghurt","Yoghurt naturell"
"154","https://livsham2.softwarebyte.co/assets/images/product_image/21590.jpg","Mild Lättyoghurt Naturell 0,5%","Mejeri, ost & ägg","Lager","<div class=""ql-editor"" data-gramm=""false"" contenteditable=""true""><p>Mild naturell lättyoghurt med krämig konsistens. Arlas lättyoghurt är nyckelhålsmärkt, med sin låga fetthalt är den ett utmärkt val när du vill äta nyttigt utan att behöva göra avkall på den goda smaken. Arla mild lättyoghurt naturell passar bra till både frukost och mellanmål. Ät den som den är eller tillsammans med müsli, flingor, frukt och bär. Varumärket Arla Ko® garanterar att produkten är gjord på 100 procent svensk mjölk. I en praktisk?förpackning som?är lätt att förvara, tömma och återvinna.</p></div><div class=""ql-clipboard"" contenteditable=""true"" tabindex=""-1""></div><div class=""ql-tooltip ql-hidden""><a class=""ql-preview"" target=""_blank"" href=""about:blank""></a><input type=""text"" data-formula=""e=mc^2"" data-link=""https://quilljs.com"" data-video=""Embed URL""><a class=""ql-action""></a><a class=""ql-remove""></a></div>","Sverige","Högpastöriserad MJÖLK, MJÖLKPROTEIN, mild yoghurtkultur, vitamin D.","<div class=""ql-editor"" data-gramm=""false"" contenteditable=""true""><p>Per 100 gram</p><p>Energi 170 kJ/40 kcal</p><p>Fett 0.5 g</p><p>-varav mättat fett 0.3 g</p><p>Kolhydrat 4 g</p><p>-varav sockerarter 4 g</p><p>Protein 4.1 g</p><p>Salt 0.1 g</p><p>Vitamin D 1 µg</p><p>Kalcium 130 mg</p><p><br></p></div><div class=""ql-clipboard"" contenteditable=""true"" tabindex=""-1""></div><div class=""ql-tooltip ql-hidden""><a class=""ql-preview"" target=""_blank"" href=""about:blank""></a><input type=""text"" data-formula=""e=mc^2"" data-link=""https://quilljs.com"" data-video=""Embed URL""><a class=""ql-action""></a><a class=""ql-remove""></a></div>","Förvaras kyld vid högst 8°C","<div class=""ql-editor"" data-gramm=""false"" contenteditable=""true""><p>Livshem har ambitionen att alltid ge rätt produkt information. Förändringar i produktens innehåll kan ske över tid, kontrollera därför alltid före användning informationen på produktens förpackning.</p></div><div class=""ql-clipboard"" contenteditable=""true"" tabindex=""-1""></div><div class=""ql-tooltip ql-hidden""><a class=""ql-preview"" target=""_blank"" href=""about:blank""></a><input type=""text"" data-formula=""e=mc^2"" data-link=""https://quilljs.com"" data-video=""Embed URL""><a class=""ql-action""></a><a class=""ql-remove""></a></div>","","18,95","","18,95 kr/kg","","In Stock","1 kg","","Yoghurt","Yoghurt naturell"
"155","https://livsham2.softwarebyte.co/assets/images/product_image/49291.jpg","Grekisk Yoghurt Mild Naturell 6%","Mejeri, ost & ägg","Lager","<div class=""ql-editor"" data-gramm=""false"" contenteditable=""true""><p>Mild grekisk yoghurt, gjord på svensk mjölk från Arlagårdar och grekisk mild yoghurtkultur. Den har en krämig och len konsistens och fyllig&nbsp;yoghurtsmak. Arlas milda naturella grekiska yoghurt är perfekt till frukost och mellanmål för hela familjen. Ät den som den är eller toppa med müsli, flingor, frukt och bär. Varumärket Arla Ko® garanterar att produkten är gjord på 100 procent svensk mjölk.</p></div><div class=""ql-clipboard"" contenteditable=""true"" tabindex=""-1""></div><div class=""ql-tooltip ql-hidden""><a class=""ql-preview"" target=""_blank"" href=""about:blank""></a><input type=""text"" data-formula=""e=mc^2"" data-link=""https://quilljs.com"" data-video=""Embed URL""><a class=""ql-action""></a><a class=""ql-remove""></a></div>","Sverige","Högpastöriserad MJÖLK och GRÄDDE, grekisk mild yoghurtkultur.","<div class=""ql-editor"" data-gramm=""false"" contenteditable=""true""><p><span style=""color: rgb(38, 38, 58);"">Per 100 gram:</span></p><p><span style=""color: rgb(38, 38, 58);"">Energi 350 kJ/85 kcal</span></p><p><span style=""color: rgb(38, 38, 58);"">Fett 6 g</span></p><p><span style=""color: rgb(38, 38, 58);"">- Varav mättat fett 3.8 g</span></p><p><span style=""color: rgb(38, 38, 58);"">Kolhydrat 3.6 g</span></p><p><span style=""color: rgb(38, 38, 58);"">- Varav sockerarter 3.6 g</span></p><p><span style=""color: rgb(38, 38, 58);"">Protein 3.3 g</span></p><p><span style=""color: rgb(38, 38, 58);"">Salt 0.1 g</span></p><p><span style=""color: rgb(38, 38, 58);"">Kalcium 120 mg</span></p></div><div class=""ql-clipboard"" contenteditable=""true"" tabindex=""-1""></div><div class=""ql-tooltip ql-hidden""><a class=""ql-preview"" target=""_blank"" href=""about:blank""></a><input type=""text"" data-formula=""e=mc^2"" data-link=""https://quilljs.com"" data-video=""Embed URL""><a class=""ql-action""></a><a class=""ql-remove""></a></div>","Förvaras kyld vid högst 8°C","<div class=""ql-editor"" data-gramm=""false"" contenteditable=""true""><p>Livshem har ambitionen att alltid ge rätt produkt information. Förändringar i produktens innehåll kan ske över tid, kontrollera därför alltid före användning informationen på produktens förpackning.</p></div><div class=""ql-clipboard"" contenteditable=""true"" tabindex=""-1""></div><div class=""ql-tooltip ql-hidden""><a class=""ql-preview"" target=""_blank"" href=""about:blank""></a><input type=""text"" data-formula=""e=mc^2"" data-link=""https://quilljs.com"" data-video=""Embed URL""><a class=""ql-action""></a><a class=""ql-remove""></a></div>","","27,95","","27,95 kr/kg","","In Stock","1 kg","","Yoghurt","Yoghurt naturell"
"156","https://livsham2.softwarebyte.co/assets/images/product_image/90932.jpg","Grekisk Yoghurt Naturell 0%","Mejeri, ost & ägg","Lager","<div class=""ql-editor"" data-gramm=""false"" contenteditable=""true""><p>Arla® Grekisk Yoghurt 0% är en fettfri, naturell och fyllig yoghurt. Den är superkrämig, proteinrik och perfekt som frukost eller mellanmål för dig som vill orka lite längre. Njut tillsammans med nötter, frukt eller färska bär. Yoghurten är den perfekta basen för frukostskålar, smoothies och mycket mer, möjligheterna till variation är oändliga.</p></div><div class=""ql-clipboard"" contenteditable=""true"" tabindex=""-1""></div><div class=""ql-tooltip ql-hidden""><a class=""ql-preview"" target=""_blank"" href=""about:blank""></a><input type=""text"" data-formula=""e=mc^2"" data-link=""https://quilljs.com"" data-video=""Embed URL""><a class=""ql-action""></a><a class=""ql-remove""></a></div>","EU","Högpastöriserad MJÖLK, yoghurtkultur, ystenzym.","<div class=""ql-editor"" data-gramm=""false"" contenteditable=""true""><p><span style=""color: rgb(38, 38, 58);"">Per 100 gram:</span></p><p><span style=""color: rgb(38, 38, 58);"">Energi 270 kJ/60 kcal</span></p><p><span style=""color: rgb(38, 38, 58);"">Fett 0.2 g</span></p><p><span style=""color: rgb(38, 38, 58);"">-varav mättat fett 0.1 g</span></p><p><span style=""color: rgb(38, 38, 58);"">Kolhydrat 4 g</span></p><p><span style=""color: rgb(38, 38, 58);"">-varav sockerarter 4 g</span></p><p><span style=""color: rgb(38, 38, 58);"">Protein 11 g</span></p><p><span style=""color: rgb(38, 38, 58);"">Salt 0.14 g</span></p></div><div class=""ql-clipboard"" contenteditable=""true"" tabindex=""-1""></div><div class=""ql-tooltip ql-hidden""><a class=""ql-preview"" target=""_blank"" href=""about:blank""></a><input type=""text"" data-formula=""e=mc^2"" data-link=""https://quilljs.com"" data-video=""Embed URL""><a class=""ql-action""></a><a class=""ql-remove""></a></div>","Förvaras kyld vid högst 8°C","<div class=""ql-editor"" data-gramm=""false"" contenteditable=""true""><p>Livshem har ambitionen att alltid ge rätt produkt information. Förändringar i produktens innehåll kan ske över tid, kontrollera därför alltid före användning informationen på produktens förpackning.</p></div><div class=""ql-clipboard"" contenteditable=""true"" tabindex=""-1""></div><div class=""ql-tooltip ql-hidden""><a class=""ql-preview"" target=""_blank"" href=""about:blank""></a><input type=""text"" data-formula=""e=mc^2"" data-link=""https://quilljs.com"" data-video=""Embed URL""><a class=""ql-action""></a><a class=""ql-remove""></a></div>","","38,95","","38,95 kr/kg","","In Stock","1 kg","","Yoghurt","Yoghurt naturell"
"157","https://livsham2.softwarebyte.co/assets/images/product_image/80048.jpg","Grekisk Yoghurt Naturell 10%","Mejeri, ost & ägg","Lager","<div class=""ql-editor"" data-gramm=""false"" contenteditable=""true""><p>Arla® Grekisk Yoghurt 10% är en naturell, len och fyllig yoghurt. Den är superkrämig, mättande och perfekt som frukost eller mellanmål för dig som vill orka lite längre. Toppa den med det du gillar bäst, njut tillsammans med nötter, frukt, honung eller färska bär. Yoghurten är den perfekta basen för frukostskålar, smoothies och mycket mer, möjligheterna till variation är oändliga.</p></div><div class=""ql-clipboard"" contenteditable=""true"" tabindex=""-1""></div><div class=""ql-tooltip ql-hidden""><a class=""ql-preview"" target=""_blank"" href=""about:blank""></a><input type=""text"" data-formula=""e=mc^2"" data-link=""https://quilljs.com"" data-video=""Embed URL""><a class=""ql-action""></a><a class=""ql-remove""></a></div>","EU","","<div class=""ql-editor"" data-gramm=""false"" contenteditable=""true""><p><span style=""color: rgb(38, 38, 58);"">Per 100 gram:</span></p><p><span style=""color: rgb(38, 38, 58);"">Energi 490 kJ/120 kcal</span></p><p><span style=""color: rgb(38, 38, 58);"">Fett 10 g</span></p><p><span style=""color: rgb(38, 38, 58);"">-varav mättat fett 7 g</span></p><p><span style=""color: rgb(38, 38, 58);"">Kolhydrat 3.9 g</span></p><p><span style=""color: rgb(38, 38, 58);"">-varav sockerarter 3.9 g</span></p><p><span style=""color: rgb(38, 38, 58);"">Protein 3.1 g</span></p><p><span style=""color: rgb(38, 38, 58);"">Salt 0.12 g</span></p></div><div class=""ql-clipboard"" contenteditable=""true"" tabindex=""-1""></div><div class=""ql-tooltip ql-hidden""><a class=""ql-preview"" target=""_blank"" href=""about:blank""></a><input type=""text"" data-formula=""e=mc^2"" data-link=""https://quilljs.com"" data-video=""Embed URL""><a class=""ql-action""></a><a class=""ql-remove""></a></div>","Förvaras kyld vid högst 8°C","<div class=""ql-editor"" data-gramm=""false"" contenteditable=""true""><p>Livshem har ambitionen att alltid ge rätt produkt information. Förändringar i produktens innehåll kan ske över tid, kontrollera därför alltid före användning informationen på produktens förpackning.</p></div><div class=""ql-clipboard"" contenteditable=""true"" tabindex=""-1""></div><div class=""ql-tooltip ql-hidden""><a class=""ql-preview"" target=""_blank"" href=""about:blank""></a><input type=""text"" data-formula=""e=mc^2"" data-link=""https://quilljs.com"" data-video=""Embed URL""><a class=""ql-action""></a><a class=""ql-remove""></a></div>","","38,95","","38,95 kr/kg","","In Stock","1 kg","","Yoghurt","Yoghurt naturell"
"159","https://livsham2.softwarebyte.co/assets/images/product_image/42635.jpg","Turkisk yoghurt 10% Laktosfri","Mejeri, ost & ägg","Lager","<div class=""ql-editor"" data-gramm=""false"" contenteditable=""true""><p>Arla Ko® Laktosfri turkisk yoghurt 10% är en matyoghurt av turkisk karaktär som har en krämig konsistens och mild, fyllig och lite söt smak. Den passar perfekt som matlagningsyoghurt i kalla såser och röror, och som ett svalkande tillbehör till smakrika maträtter. Även god som lyxigt mellanmål tillsammans med frukt och nötter. Symbolen med den blågula gräddkannan garanterar 100 procent svensk grädde.</p></div><div class=""ql-clipboard"" contenteditable=""true"" tabindex=""-1""></div><div class=""ql-tooltip ql-hidden""><a class=""ql-preview"" target=""_blank"" href=""about:blank""></a><input type=""text"" data-formula=""e=mc^2"" data-link=""https://quilljs.com"" data-video=""Embed URL""><a class=""ql-action""></a><a class=""ql-remove""></a></div>","Sverige","","<div class=""ql-editor"" data-gramm=""false"" contenteditable=""true""><p><span style=""color: rgb(38, 38, 58);"">Per 100 gram:</span></p><p><span style=""color: rgb(38, 38, 58);"">Energi 500 kJ/120 kcal</span></p><p><span style=""color: rgb(38, 38, 58);"">Fett 10 g</span></p><p><span style=""color: rgb(38, 38, 58);"">- Varav mättat fett 6.4 g</span></p><p><span style=""color: rgb(38, 38, 58);"">Kolhydrat 3.5 g</span></p><p><span style=""color: rgb(38, 38, 58);"">- Varav sockerarter 3.5 g</span></p><p><span style=""color: rgb(38, 38, 58);"">Protein 3.2 g</span></p><p><span style=""color: rgb(38, 38, 58);"">Salt 0.1 g</span></p></div><div class=""ql-clipboard"" contenteditable=""true"" tabindex=""-1""></div><div class=""ql-tooltip ql-hidden""><a class=""ql-preview"" target=""_blank"" href=""about:blank""></a><input type=""text"" data-formula=""e=mc^2"" data-link=""https://quilljs.com"" data-video=""Embed URL""><a class=""ql-action""></a><a class=""ql-remove""></a></div>","Förvaras kyld vid högst 8°C","<div class=""ql-editor"" data-gramm=""false"" contenteditable=""true""><p>Livshem har ambitionen att alltid ge rätt produkt information. Förändringar i produktens innehåll kan ske över tid, kontrollera därför alltid före användning informationen på produktens förpackning.</p></div><div class=""ql-clipboard"" contenteditable=""true"" tabindex=""-1""></div><div class=""ql-tooltip ql-hidden""><a class=""ql-preview"" target=""_blank"" href=""about:blank""></a><input type=""text"" data-formula=""e=mc^2"" data-link=""https://quilljs.com"" data-video=""Embed URL""><a class=""ql-action""></a><a class=""ql-remove""></a></div>","","36,50","","36,50 kr/kg","","In Stock","1 kg","","Yoghurt","Laktosfri smaksatt & naturell yoghurt"
"160","https://livsham2.softwarebyte.co/assets/images/product_image/44609.jpg","Mild Yoghurt Naturell 1,5% Laktosfri","Mejeri, ost & ägg","Lager","<div class=""ql-editor"" data-gramm=""false"" contenteditable=""true""><p>Ekologisk laktosfri mild naturell yoghurt, gjord på 100 procent svensk mjölk från ekologiska Arlagårdar. Yoghurten är fri från laktos så att även vuxna och barn med laktosintolerans kan äta den. Vår ekologiska, laktosfria milda yoghurt har krämig konsistens och mild yoghurtarom och är lika god till frukost som efter träningen. Ät den naturell eller med exempelvis flingor eller säsongens bär. Varumärket Arla Ko® garanterar att produkten är gjord på 100 procent svensk mjölk.</p></div><div class=""ql-clipboard"" contenteditable=""true"" tabindex=""-1""></div><div class=""ql-tooltip ql-hidden""><a class=""ql-preview"" target=""_blank"" href=""about:blank""></a><input type=""text"" data-formula=""e=mc^2"" data-link=""https://quilljs.com"" data-video=""Embed URL""><a class=""ql-action""></a><a class=""ql-remove""></a></div>","Sverige","Svensk högpastöriserad mjölk* , mjölkprotein**, laktasenzym, mild yoghurtkultur, vitamin D. *KRAV-ekologisk ingrediens. **Ekologisk ingrediens.","<div class=""ql-editor"" data-gramm=""false"" contenteditable=""true""><p>Per 100 gram:</p><p>Energi 180 kJ/40 kcal</p><p>Fett 1.5 g</p><p>- Varav mättat fett 1 g</p><p>Kolhydrat 2.2 g</p><p>- Varav sockerarter 2.2 g</p><p>Protein 4.2 g</p><p>Salt 0.1 g</p><p>Vitamin D 1 <span style=""color: rgb(56, 66, 65);"">µ</span>g</p><p>Kalcium 120 mg</p><p><br></p></div><div class=""ql-clipboard"" contenteditable=""true"" tabindex=""-1""></div><div class=""ql-tooltip ql-hidden""><a class=""ql-preview"" target=""_blank"" href=""about:blank""></a><input type=""text"" data-formula=""e=mc^2"" data-link=""https://quilljs.com"" data-video=""Embed URL""><a class=""ql-action""></a><a class=""ql-remove""></a></div>","Förvaras kyld vid högst 8°C","<div class=""ql-editor"" data-gramm=""false"" contenteditable=""true""><p>Livshem har ambitionen att alltid ge rätt produkt information. Förändringar i produktens innehåll kan ske över tid, kontrollera därför alltid före användning informationen på produktens förpackning.</p></div><div class=""ql-clipboard"" contenteditable=""true"" tabindex=""-1""></div><div class=""ql-tooltip ql-hidden""><a class=""ql-preview"" target=""_blank"" href=""about:blank""></a><input type=""text"" data-formula=""e=mc^2"" data-link=""https://quilljs.com"" data-video=""Embed URL""><a class=""ql-action""></a><a class=""ql-remove""></a></div>","","24,95","","24,95 kr/kg","","In Stock","1 kg","","Yoghurt","Laktosfri smaksatt & naturell yoghurt"
"161","https://livsham2.softwarebyte.co/assets/images/product_image/47186.jpg","Grekisk yoghurt 10%","Mejeri, ost & ägg","Lager","<div class=""ql-editor"" data-gramm=""false"" contenteditable=""true""><p>Arla Köket® Grekisk yoghurt 10% är en matyoghurt av grekisk karaktär som har en len, mild och gräddig smak och tjock krämig konsistens. Den passar perfekt i fräscha efterrätter och att äta som den är till frukt och bär eller med honung och nötter som en enkel dessert. Den fungerar även som matlagningsyoghurt i kalla röror och såser, gärna i kombination med någon syrlig smaksättning som lime eller citron. Symbolen med den blågula gräddkannan garanterar 100 procent svensk grädde.</p></div><div class=""ql-clipboard"" contenteditable=""true"" tabindex=""-1""></div><div class=""ql-tooltip ql-hidden""><a class=""ql-preview"" target=""_blank"" href=""about:blank""></a><input type=""text"" data-formula=""e=mc^2"" data-link=""https://quilljs.com"" data-video=""Embed URL""><a class=""ql-action""></a><a class=""ql-remove""></a></div>","Sverige","","<div class=""ql-editor"" data-gramm=""false"" contenteditable=""true""><p><span style=""color: rgb(38, 38, 58);"">Per 100 gram:</span></p><p><span style=""color: rgb(38, 38, 58);"">Energi 500 kJ/120 kcal</span></p><p><span style=""color: rgb(38, 38, 58);"">Fett 10 g</span></p><p><span style=""color: rgb(38, 38, 58);"">-varav mättat fett 6.4 g</span></p><p><span style=""color: rgb(38, 38, 58);"">Kolhydrat 3.5 g</span></p><p><span style=""color: rgb(38, 38, 58);"">-varav sockerarter 3.5 g</span></p><p><span style=""color: rgb(38, 38, 58);"">Protein 4.2 g</span></p><p><span style=""color: rgb(38, 38, 58);"">Salt 0.1 g</span></p></div><div class=""ql-clipboard"" contenteditable=""true"" tabindex=""-1""></div><div class=""ql-tooltip ql-hidden""><a class=""ql-preview"" target=""_blank"" href=""about:blank""></a><input type=""text"" data-formula=""e=mc^2"" data-link=""https://quilljs.com"" data-video=""Embed URL""><a class=""ql-action""></a><a class=""ql-remove""></a></div>","Förvaras kyld vid högst 8°C","<div class=""ql-editor"" data-gramm=""false"" contenteditable=""true""><p>Livshem har ambitionen att alltid ge rätt produkt information. Förändringar i produktens innehåll kan ske över tid, kontrollera därför alltid före användning informationen på produktens förpackning.</p></div><div class=""ql-clipboard"" contenteditable=""true"" tabindex=""-1""></div><div class=""ql-tooltip ql-hidden""><a class=""ql-preview"" target=""_blank"" href=""about:blank""></a><input type=""text"" data-formula=""e=mc^2"" data-link=""https://quilljs.com"" data-video=""Embed URL""><a class=""ql-action""></a><a class=""ql-remove""></a></div>","","40,95","","40,95 kr/kg","","In Stock","1 kg","","Yoghurt","Matlagningsyoghurt"
"162","https://livsham2.softwarebyte.co/assets/images/product_image/90587.jpg","Turkisk yoghurt 10%","Mejeri, ost & ägg","Lager","<div class=""ql-editor"" data-gramm=""false"" contenteditable=""true""><p>Arla Köket® Turkisk yoghurt 10% är en matyoghurt av turkisk karaktär som har en krämig konsistens och mild, fyllig smak. Den passar perfekt som matlagningsyoghurt i kalla såser och röror, och som ett svalkande komplement till smakrika maträtter. Även god som lyxigt mellanmål tillsammans med frukt och nötter. Symbolen med den blågula gräddkannan garanterar 100 procent svensk grädde.</p></div><div class=""ql-clipboard"" contenteditable=""true"" tabindex=""-1""></div><div class=""ql-tooltip ql-hidden""><a class=""ql-preview"" target=""_blank"" href=""about:blank""></a><input type=""text"" data-formula=""e=mc^2"" data-link=""https://quilljs.com"" data-video=""Embed URL""><a class=""ql-action""></a><a class=""ql-remove""></a></div>","Sverige","Pastöriserad MJÖLK och GRÄDDE, yoghurtkultur.","<div class=""ql-editor"" data-gramm=""false"" contenteditable=""true""><p>Per 100 gram:</p><p>Energi 490 kJ/120 kcal</p><p>Fett 10 g</p><p>-varav mättat fett 6.4 g</p><p>Kolhydrat 3.5 g</p><p>-varav sockerarter 3.5 g</p><p>Protein 3.2 g</p><p>Salt 0.1 g</p><p><br></p></div><div class=""ql-clipboard"" contenteditable=""true"" tabindex=""-1""></div><div class=""ql-tooltip ql-hidden""><a class=""ql-preview"" target=""_blank"" href=""about:blank""></a><input type=""text"" data-formula=""e=mc^2"" data-link=""https://quilljs.com"" data-video=""Embed URL""><a class=""ql-action""></a><a class=""ql-remove""></a></div>","Förvaras kyld vid högst 8°C","<div class=""ql-editor"" data-gramm=""false"" contenteditable=""true""><p>Livshem har ambitionen att alltid ge rätt produkt information. Förändringar i produktens innehåll kan ske över tid, kontrollera därför alltid före användning informationen på produktens förpackning.</p></div><div class=""ql-clipboard"" contenteditable=""true"" tabindex=""-1""></div><div class=""ql-tooltip ql-hidden""><a class=""ql-preview"" target=""_blank"" href=""about:blank""></a><input type=""text"" data-formula=""e=mc^2"" data-link=""https://quilljs.com"" data-video=""Embed URL""><a class=""ql-action""></a><a class=""ql-remove""></a></div>","","36,95","","36,95 kr/kg","","In Stock","1 kg","","Yoghurt","Matlagningsyoghurt"
"163","https://livsham2.softwarebyte.co/assets/images/product_image/34925.jpg","Yoghurt Turkisk 10%","Mejeri, ost & ägg","Lager","<div class=""ql-editor"" data-gramm=""false"" contenteditable=""true""><p>Salakis Turkisk yoghurt är en krämig yoghurt med ljuvlig konsistens och en mild, fyllig smak. Den passar perfekt till kalla såser och röror, men går även utmärkt att toppa med lite bär och nötter och äta som mellanmål, eller frukost – våga variera! Salakis Turkisk Yoghurt görs på 100% svensk mjölk från svenska gårdar.</p></div><div class=""ql-clipboard"" contenteditable=""true"" tabindex=""-1""></div><div class=""ql-tooltip ql-hidden""><a class=""ql-preview"" target=""_blank"" href=""about:blank""></a><input type=""text"" data-formula=""e=mc^2"" data-link=""https://quilljs.com"" data-video=""Embed URL""><a class=""ql-action""></a><a class=""ql-remove""></a></div>","EU","Högpastöriserad GRÄDDE, MJÖLKprotein, YOGHURTkultur.","<div class=""ql-editor"" data-gramm=""false"" contenteditable=""true""><p>Per 100 gram:</p><p>Energi 500 kJ/120 kcal</p><p>Fett 10 g</p><p>-varav mättat fett 6.5 g</p><p>Kolhydrat 4.5 g</p><p>-varav sockerarter 4.5 g</p><p>Protein 3.2 g</p><p>Salt 0.1 g</p><p><br></p></div><div class=""ql-clipboard"" contenteditable=""true"" tabindex=""-1""></div><div class=""ql-tooltip ql-hidden""><a class=""ql-preview"" target=""_blank"" href=""about:blank""></a><input type=""text"" data-formula=""e=mc^2"" data-link=""https://quilljs.com"" data-video=""Embed URL""><a class=""ql-action""></a><a class=""ql-remove""></a></div>","Förvaras kyld vid högst 8°C","<div class=""ql-editor"" data-gramm=""false"" contenteditable=""true""><p>Livshem har ambitionen att alltid ge rätt produkt information. Förändringar i produktens innehåll kan ske över tid, kontrollera därför alltid före användning informationen på produktens förpackning.</p></div><div class=""ql-clipboard"" contenteditable=""true"" tabindex=""-1""></div><div class=""ql-tooltip ql-hidden""><a class=""ql-preview"" target=""_blank"" href=""about:blank""></a><input type=""text"" data-formula=""e=mc^2"" data-link=""https://quilljs.com"" data-video=""Embed URL""><a class=""ql-action""></a><a class=""ql-remove""></a></div>","","37,95","","37,95 kr/kg","","In Stock","1 kg","","Yoghurt","Yoghurt naturell"
"164","https://livsham2.softwarebyte.co/assets/images/product_image/58301.jpg","Lättyoghurt Turkisk 3,5%","Mejeri, ost & ägg","Lager","<div class=""ql-editor"" data-gramm=""false"" contenteditable=""true""><p>Salakis Turkisk yoghurt 3,5% är en krämig yoghurt med ljuvlig konsistens och en mild, fyllig smak, och med lägre fetthalt! Den passar perfekt till kalla såser och röror, men går även utmärkt att toppa med lite bär och nötter och äta som mellanmål, eller frukost – våga variera! Salakis TurkiskYoghurt görs på 100% svensk mjölk från svenska gårdar.</p></div><div class=""ql-clipboard"" contenteditable=""true"" tabindex=""-1""></div><div class=""ql-tooltip ql-hidden""><a class=""ql-preview"" target=""_blank"" href=""about:blank""></a><input type=""text"" data-formula=""e=mc^2"" data-link=""https://quilljs.com"" data-video=""Embed URL""><a class=""ql-action""></a><a class=""ql-remove""></a></div>","EU","Högpastöriserad GRÄDDE, MJÖLKprotein, YOGHURTkultur.","<div class=""ql-editor"" data-gramm=""false"" contenteditable=""true""><p>Per 100 gram:</p><p>Energi <span style=""background-color: rgb(245, 245, 245); color: rgb(51, 51, 51);"">284</span> kJ/68 kcal</p><p>Fett 3.5 g</p><p>-varav mättat fett 2.5 g</p><p>Kolhydrat 5.1 g</p><p>-varav sockerarter 4.5 g</p><p>Protein 4.0 g</p><p>Salt 0.1 g</p></div><div class=""ql-clipboard"" contenteditable=""true"" tabindex=""-1""></div><div class=""ql-tooltip ql-hidden""><a class=""ql-preview"" target=""_blank"" href=""about:blank""></a><input type=""text"" data-formula=""e=mc^2"" data-link=""https://quilljs.com"" data-video=""Embed URL""><a class=""ql-action""></a><a class=""ql-remove""></a></div>","Förvaras kyld vid högst 8°C","<div class=""ql-editor"" data-gramm=""false"" contenteditable=""true""><p>Livshem har ambitionen att alltid ge rätt produkt information. Förändringar i produktens innehåll kan ske över tid, kontrollera därför alltid före användning informationen på produktens förpackning.</p></div><div class=""ql-clipboard"" contenteditable=""true"" tabindex=""-1""></div><div class=""ql-tooltip ql-hidden""><a class=""ql-preview"" target=""_blank"" href=""about:blank""></a><input type=""text"" data-formula=""e=mc^2"" data-link=""https://quilljs.com"" data-video=""Embed URL""><a class=""ql-action""></a><a class=""ql-remove""></a></div>","","34,95","","34,95 kr/kg","","In Stock","1 kg","","Yoghurt","Yoghurt naturell"
"165","https://livsham2.softwarebyte.co/assets/images/product_image/55610.jpg","Drickyoghurt Jordgubb Laktosfri","Mejeri, ost & ägg","Lager","<div class=""ql-editor"" data-gramm=""false"" contenteditable=""true""><h4>Yalla Drickyoghurt Jordgubb laktosfri släcker törsten och mättar. Yalla drickyoghurt är rik på frukt, inga färgämnen, inga konserveringsmedel. Snabbt skruvlock, drick i farten.</h4></div><div class=""ql-clipboard"" contenteditable=""true"" tabindex=""-1""></div><div class=""ql-tooltip ql-hidden""><a class=""ql-preview"" target=""_blank"" href=""about:blank""></a><input type=""text"" data-formula=""e=mc^2"" data-link=""https://quilljs.com"" data-video=""Embed URL""><a class=""ql-action""></a><a class=""ql-remove""></a></div>","Nederländerna","Pastöriserad MJÖLK/MAELK, jordgubbar/jordbaer (6%), socker/sukker (4,2%), passionsfruktjuice (0,4%), majsstärkelse/majsstivelse, laktasenzym, naturlig arom, yoghurtkultur.","<div class=""ql-editor"" data-gramm=""false"" contenteditable=""true""><p><span style=""color: rgb(38, 38, 58);"">Per 100 gram:</span></p><p><span style=""color: rgb(38, 38, 58);"">Energi 220 kJ/50 kcal</span></p><p><span style=""color: rgb(38, 38, 58);"">Fett 0.5 g</span></p><p><span style=""color: rgb(38, 38, 58);"">-varav mättat fett 0.3 g</span></p><p><span style=""color: rgb(38, 38, 58);"">Kolhydrat 8.2 g</span></p><p><span style=""color: rgb(38, 38, 58);"">-varav sockerarter 7.8 g</span></p><p><span style=""color: rgb(38, 38, 58);"">Protein 3.2 g</span></p><p><span style=""color: rgb(38, 38, 58);"">Salt 0.1 g</span></p><p><span style=""color: rgb(38, 38, 58);"">Laktos 0 g</span></p></div><div class=""ql-clipboard"" contenteditable=""true"" tabindex=""-1""></div><div class=""ql-tooltip ql-hidden""><a class=""ql-preview"" target=""_blank"" href=""about:blank""></a><input type=""text"" data-formula=""e=mc^2"" data-link=""https://quilljs.com"" data-video=""Embed URL""><a class=""ql-action""></a><a class=""ql-remove""></a></div>","Förvaras kyld vid högst 8°C","<div class=""ql-editor"" data-gramm=""false"" contenteditable=""true""><p>Livshem har ambitionen att alltid ge rätt produkt information. Förändringar i produktens innehåll kan ske över tid, kontrollera därför alltid före användning informationen på produktens förpackning.</p></div><div class=""ql-clipboard"" contenteditable=""true"" tabindex=""-1""></div><div class=""ql-tooltip ql-hidden""><a class=""ql-preview"" target=""_blank"" href=""about:blank""></a><input type=""text"" data-formula=""e=mc^2"" data-link=""https://quilljs.com"" data-video=""Embed URL""><a class=""ql-action""></a><a class=""ql-remove""></a></div>","","18,95","","54,14 kr/lit","","In Stock","350 ml","","Yoghurt","Drickyoghurt"
"166","https://livsham2.softwarebyte.co/assets/images/product_image/5450.jpg","Drickyoghurt Jordgubb","Mejeri, ost & ägg","Snabbgross","<div class=""ql-editor"" data-gramm=""false"" contenteditable=""true""><p>Yalla Drickyoghurt Jordgubb släcker törsten och mättar. Yalla drickyoghurt är rik på frukt, inga färgämnen, inga konserveringsmedel. Snabbt skruvlock, drick i farten.</p></div><div class=""ql-clipboard"" contenteditable=""true"" tabindex=""-1""></div><div class=""ql-tooltip ql-hidden""><a class=""ql-preview"" target=""_blank"" href=""about:blank""></a><input type=""text"" data-formula=""e=mc^2"" data-link=""https://quilljs.com"" data-video=""Embed URL""><a class=""ql-action""></a><a class=""ql-remove""></a></div>","Nederländerna","MJÖLK, jordgubbar (6%), socker (4,2%), passionsfruktjuice (0,4%), majsstärkelse, naturlig arom, yoghurtkultur.","<div class=""ql-editor"" data-gramm=""false"" contenteditable=""true""><p>Per 100 gram:</p><p>Energi 220 kJ/50 kcal</p><p>Fett 0.5 g</p><p>-varav mättat fett 0.3 g</p><p>Kolhydrat 8.2 g</p><p>-varav sockerarter 7.8 g</p><p>Protein 3.2 g</p><p>Salt 0.1 g</p><p><br></p></div><div class=""ql-clipboard"" contenteditable=""true"" tabindex=""-1""></div><div class=""ql-tooltip ql-hidden""><a class=""ql-preview"" target=""_blank"" href=""about:blank""></a><input type=""text"" data-formula=""e=mc^2"" data-link=""https://quilljs.com"" data-video=""Embed URL""><a class=""ql-action""></a><a class=""ql-remove""></a></div>","Förvaras kyld vid högst 8°C","<div class=""ql-editor"" data-gramm=""false"" contenteditable=""true""><p>Livshem har ambitionen att alltid ge rätt produkt information. Förändringar i produktens innehåll kan ske över tid, kontrollera därför alltid före användning informationen på produktens förpackning.</p></div><div class=""ql-clipboard"" contenteditable=""true"" tabindex=""-1""></div><div class=""ql-tooltip ql-hidden""><a class=""ql-preview"" target=""_blank"" href=""about:blank""></a><input type=""text"" data-formula=""e=mc^2"" data-link=""https://quilljs.com"" data-video=""Embed URL""><a class=""ql-action""></a><a class=""ql-remove""></a></div>","1","18,95","50 kr/l","54,14 kr/l","","In Stock","350 ml","35","Yoghurt","Drickyoghurt"
"167","https://livsham2.softwarebyte.co/assets/images/product_image/78223.jpg","Drickyoghurt Mango, Banan & Apelsin","Mejeri, ost & ägg","Snabbgross","<div class=""ql-editor"" data-gramm=""false"" contenteditable=""true""><p>Yalla Drickyoghurt Mango &amp; Banan &amp; Apelsin släcker törsten och mättar. Yalla drickyoghurt är rik på frukt, inga färgämnen, inga konserveringsmedel. Snabbt skruvlock, drick i farten.</p></div><div class=""ql-clipboard"" contenteditable=""true"" tabindex=""-1""></div><div class=""ql-tooltip ql-hidden""><a class=""ql-preview"" target=""_blank"" href=""about:blank""></a><input type=""text"" data-formula=""e=mc^2"" data-link=""https://quilljs.com"" data-video=""Embed URL""><a class=""ql-action""></a><a class=""ql-remove""></a></div>","Nederländerna","MJÖLK, socker (3,7%), mango (3,1%), banan (2%), apelsin (1,2%), majsstärkelse, citronjuice, naturlig arom, yoghurtkultur.","<div class=""ql-editor"" data-gramm=""false"" contenteditable=""true""><p>Per 100 gram:</p><p>Energi 220 kJ/50 kcal</p><p>Fett 0.5 g</p><p>-varav mättat fett 0.3 g</p><p>Kolhydrat 8.3 g</p><p>-varav sockerarter 7.9 g</p><p>Protein 3.2 g</p><p>Salt 0.1 g</p><p><br></p></div><div class=""ql-clipboard"" contenteditable=""true"" tabindex=""-1""></div><div class=""ql-tooltip ql-hidden""><a class=""ql-preview"" target=""_blank"" href=""about:blank""></a><input type=""text"" data-formula=""e=mc^2"" data-link=""https://quilljs.com"" data-video=""Embed URL""><a class=""ql-action""></a><a class=""ql-remove""></a></div>","Förvaras kyld vid högst 8°C","<div class=""ql-editor"" data-gramm=""false"" contenteditable=""true""><p>Livshem har ambitionen att alltid ge rätt produkt information. Förändringar i produktens innehåll kan ske över tid, kontrollera därför alltid före användning informationen på produktens förpackning.</p></div><div class=""ql-clipboard"" contenteditable=""true"" tabindex=""-1""></div><div class=""ql-tooltip ql-hidden""><a class=""ql-preview"" target=""_blank"" href=""about:blank""></a><input type=""text"" data-formula=""e=mc^2"" data-link=""https://quilljs.com"" data-video=""Embed URL""><a class=""ql-action""></a><a class=""ql-remove""></a></div>","","18,95","","54,14 kr/lit","","In Stock","350 ml","","Yoghurt","Drickyoghurt"
"168","https://livsham2.softwarebyte.co/assets/images/product_image/50155.jpg","Drickyoghurt Yalla Hallon Blåbär","Mejeri, ost & ägg","Lager","<div class=""ql-editor"" data-gramm=""false"" contenteditable=""true""><p>Yalla Drickyoghurt Hallon &amp; Blåbär släcker törsten och mättar. Yalla drickyoghurt är rik på frukt, inga färgämnen, inga konserveringsmedel. Snabbt skruvlock, drick i farten.</p></div><div class=""ql-clipboard"" contenteditable=""true"" tabindex=""-1""></div><div class=""ql-tooltip ql-hidden""><a class=""ql-preview"" target=""_blank"" href=""about:blank""></a><input type=""text"" data-formula=""e=mc^2"" data-link=""https://quilljs.com"" data-video=""Embed URL""><a class=""ql-action""></a><a class=""ql-remove""></a></div>","Nederländerna","","<div class=""ql-editor"" data-gramm=""false"" contenteditable=""true""><p>MJÖLK, hallon (4,3%), socker (4,2%), blåbär (1,8%), majsstärkelse, naturlig arom, yoghurtkultur. Mjölken är pastöriserad.</p></div><div class=""ql-clipboard"" contenteditable=""true"" tabindex=""-1""></div><div class=""ql-tooltip ql-hidden""><a class=""ql-preview"" target=""_blank"" href=""about:blank""></a><input type=""text"" data-formula=""e=mc^2"" data-link=""https://quilljs.com"" data-video=""Embed URL""><a class=""ql-action""></a><a class=""ql-remove""></a></div>","Förvaras kyld vid högst 8°C","<div class=""ql-editor"" data-gramm=""false"" contenteditable=""true""><p>Livshem har ambitionen att alltid ge rätt produkt information. Förändringar i produktens innehåll kan ske över tid, kontrollera därför alltid före användning informationen på produktens förpackning.</p></div><div class=""ql-clipboard"" contenteditable=""true"" tabindex=""-1""></div><div class=""ql-tooltip ql-hidden""><a class=""ql-preview"" target=""_blank"" href=""about:blank""></a><input type=""text"" data-formula=""e=mc^2"" data-link=""https://quilljs.com"" data-video=""Embed URL""><a class=""ql-action""></a><a class=""ql-remove""></a></div>","","18,95","","54,14 kr/l","","In Stock","350 ml","","Yoghurt","Drickyoghurt"
"169","https://livsham2.softwarebyte.co/assets/images/product_image/81931.jpg","Filmjölk 3%","Mejeri, ost & ägg","Lager","<div class=""ql-editor"" data-gramm=""false"" contenteditable=""true""><p>Filmjölk gjord på svensk mjölk från Arlagårdar. Klassikern Arla Ko® Filmjölk 3% har svagt syrlig smak med karakteristisk filarom. Produkten har en lite tjockare konsistens och är god naturell men även tillsammans med müsli, flingor, frukt eller bär. Filmjölk har en lång historia i Sverige, redan på vikingatiden åt man mjölkprodukter som liknar dagens Arla filmjölk. Alla produkter från Arla Ko görs på 100 procent svensk mjölk.</p></div><div class=""ql-clipboard"" contenteditable=""true"" tabindex=""-1""></div><div class=""ql-tooltip ql-hidden""><a class=""ql-preview"" target=""_blank"" href=""about:blank""></a><input type=""text"" data-formula=""e=mc^2"" data-link=""https://quilljs.com"" data-video=""Embed URL""><a class=""ql-action""></a><a class=""ql-remove""></a></div>","Sverige","Högpastöriserad mjölk, filkultur och vitamin D.","<div class=""ql-editor"" data-gramm=""false"" contenteditable=""true""><p>Per 100 gram:</p><p>Energi 250 kJ/60 kcal</p><p>Fett 3 g</p><p>-varav mättat fett 1.9 g</p><p>Kolhydrat 3.8 g</p><p>-varav sockerarter 3.8 g</p><p>Protein 3.4 g</p><p>Salt 0.1 g</p><p>Vitamin D 1 µg</p><p>Kalcium 120 mg</p><p><br></p></div><div class=""ql-clipboard"" contenteditable=""true"" tabindex=""-1""></div><div class=""ql-tooltip ql-hidden""><a class=""ql-preview"" target=""_blank"" href=""about:blank""></a><input type=""text"" data-formula=""e=mc^2"" data-link=""https://quilljs.com"" data-video=""Embed URL""><a class=""ql-action""></a><a class=""ql-remove""></a></div>","Förvaras kyld vid högst 8°C","<div class=""ql-editor"" data-gramm=""false"" contenteditable=""true""><p>Livshem har ambitionen att alltid ge rätt produkt information. Förändringar i produktens innehåll kan ske över tid, kontrollera därför alltid före användning informationen på produktens förpackning.</p></div><div class=""ql-clipboard"" contenteditable=""true"" tabindex=""-1""></div><div class=""ql-tooltip ql-hidden""><a class=""ql-preview"" target=""_blank"" href=""about:blank""></a><input type=""text"" data-formula=""e=mc^2"" data-link=""https://quilljs.com"" data-video=""Embed URL""><a class=""ql-action""></a><a class=""ql-remove""></a></div>","","14,90","","14,90 kr/kg","","In Stock","1 kg","","Gräddfil & filmjölk","Filmjölk naturell"
"170","https://livsham2.softwarebyte.co/assets/images/product_image/77225.jpg","Filmjölk 3%","Mejeri, ost & ägg","Lager","<div class=""ql-editor"" data-gramm=""false"" contenteditable=""true""><p>Filmjölk gjord på svensk mjölk från Arlagårdar. Klassikern Arla Ko® Filmjölk 3% har svagt syrlig smak med karakteristisk filarom. Produkten har en lite tjockare konsistens och är god naturell men även tillsammans med müsli, flingor, frukt eller bär. Filmjölk har en lång historia i Sverige, redan på vikingatiden åt man mjölkprodukter som liknar dagens Arla filmjölk. Alla produkter från Arla Ko görs på 100 procent svensk mjölk.</p></div><div class=""ql-clipboard"" contenteditable=""true"" tabindex=""-1""></div><div class=""ql-tooltip ql-hidden""><a class=""ql-preview"" target=""_blank"" href=""about:blank""></a><input type=""text"" data-formula=""e=mc^2"" data-link=""https://quilljs.com"" data-video=""Embed URL""><a class=""ql-action""></a><a class=""ql-remove""></a></div>","Sverige","Högpastöriserad mjölk, filkultur och vitamin D.","<div class=""ql-editor"" data-gramm=""false"" contenteditable=""true""><p><span style=""color: rgb(38, 38, 58);"">Per 100 gram:</span></p><p><span style=""color: rgb(38, 38, 58);"">Energi 250 kJ/60 kcal</span></p><p><span style=""color: rgb(38, 38, 58);"">Fett 3 g</span></p><p><span style=""color: rgb(38, 38, 58);"">-varav mättat fett 1.9 g</span></p><p><span style=""color: rgb(38, 38, 58);"">Kolhydrat 3.8 g</span></p><p><span style=""color: rgb(38, 38, 58);"">-varav sockerarter 3.8 g</span></p><p><span style=""color: rgb(38, 38, 58);"">Protein 3.4 g</span></p><p><span style=""color: rgb(38, 38, 58);"">Salt 0.1 g</span></p><p><span style=""color: rgb(38, 38, 58);"">Vitamin D 1 µg</span></p><p><span style=""color: rgb(38, 38, 58);"">Kalcium 120 mg</span></p></div><div class=""ql-clipboard"" contenteditable=""true"" tabindex=""-1""></div><div class=""ql-tooltip ql-hidden""><a class=""ql-preview"" target=""_blank"" href=""about:blank""></a><input type=""text"" data-formula=""e=mc^2"" data-link=""https://quilljs.com"" data-video=""Embed URL""><a class=""ql-action""></a><a class=""ql-remove""></a></div>","","<div class=""ql-editor ql-blank"" data-gramm=""false"" contenteditable=""true""><p><br></p></div><div class=""ql-clipboard"" contenteditable=""true"" tabindex=""-1""></div><div class=""ql-tooltip ql-hidden""><a class=""ql-preview"" target=""_blank"" href=""about:blank""></a><input type=""text"" data-formula=""e=mc^2"" data-link=""https://quilljs.com"" data-video=""Embed URL""><a class=""ql-action""></a><a class=""ql-remove""></a></div>","","22,95","","15,30 kr/kg","","In Stock","1.5 kg","","Gräddfil & filmjölk","Filmjölk naturell"
"171","https://livsham2.softwarebyte.co/assets/images/product_image/17020.jpg","Lättfil 0,5%","Mejeri, ost & ägg","Lager","<div class=""ql-editor"" data-gramm=""false"" contenteditable=""true""><p>Naturell lättfil från Arla med svagt syrlig smak, karakteristisk filarom och lätt gräddighet. Du kan med fördel avnjuta Arla lättfil tillsammans med müsli, flingor, frukt eller bär, både till frukost och mellanmål. Fil har en lång historia i Sverige, redan på vikingatiden åt man filmjölksliknande produkter. Varumärket Arla Ko garanterar att produkten är gjord på 100 procent svensk mjölk.</p></div><div class=""ql-clipboard"" contenteditable=""true"" tabindex=""-1""></div><div class=""ql-tooltip ql-hidden""><a class=""ql-preview"" target=""_blank"" href=""about:blank""></a><input type=""text"" data-formula=""e=mc^2"" data-link=""https://quilljs.com"" data-video=""Embed URL""><a class=""ql-action""></a><a class=""ql-remove""></a></div>","Sverige","Högpastöriserad MJÖLK, filkultur, vitamin D.","<div class=""ql-editor"" data-gramm=""false"" contenteditable=""true""><p><span style=""color: rgb(38, 38, 58);"">Per 100 gram:</span></p><p><span style=""color: rgb(38, 38, 58);"">Energi 160 kJ/40 kcal</span></p><p><span style=""color: rgb(38, 38, 58);"">Fett 0.5 g</span></p><p><span style=""color: rgb(38, 38, 58);"">-varav mättat fett 0.3 g</span></p><p><span style=""color: rgb(38, 38, 58);"">Kolhydrat 3.9 g</span></p><p><span style=""color: rgb(38, 38, 58);"">-varav sockerarter 3.9 g</span></p><p><span style=""color: rgb(38, 38, 58);"">Protein 3.5 g</span></p><p><span style=""color: rgb(38, 38, 58);"">Salt 0.1 g</span></p><p><span style=""color: rgb(38, 38, 58);"">Vitamin D 1 µg</span></p><p><span style=""color: rgb(38, 38, 58);"">Kalcium 120 mg</span></p></div><div class=""ql-clipboard"" contenteditable=""true"" tabindex=""-1""></div><div class=""ql-tooltip ql-hidden""><a class=""ql-preview"" target=""_blank"" href=""about:blank""></a><input type=""text"" data-formula=""e=mc^2"" data-link=""https://quilljs.com"" data-video=""Embed URL""><a class=""ql-action""></a><a class=""ql-remove""></a></div>","Förvaras kyld vid högst 8°C","<div class=""ql-editor"" data-gramm=""false"" contenteditable=""true""><p>Livshem har ambitionen att alltid ge rätt produkt information. Förändringar i produktens innehåll kan ske över tid, kontrollera därför alltid före användning informationen på produktens förpackning.</p></div><div class=""ql-clipboard"" contenteditable=""true"" tabindex=""-1""></div><div class=""ql-tooltip ql-hidden""><a class=""ql-preview"" target=""_blank"" href=""about:blank""></a><input type=""text"" data-formula=""e=mc^2"" data-link=""https://quilljs.com"" data-video=""Embed URL""><a class=""ql-action""></a><a class=""ql-remove""></a></div>","","15,50","","15,50 kr/kg","","In Stock","1 kg","","Gräddfil & filmjölk","Filmjölk naturell"
"172","https://livsham2.softwarebyte.co/assets/images/product_image/83445.jpg","Lättfil jordgubb 0,5%","Mejeri, ost & ägg","Lager","<div class=""ql-editor"" data-gramm=""false"" contenteditable=""true""><p>Arla Ko® Lättfil med mild smak av jordgubbar. Den har en svagt syrlig smak och karakteristisk filarom kombinerat med lätt sötma. Arlas lätta jordgubbsfil är god att äta som den är men passar lika bra med müsli, flingor, frukt eller bär, till frukost och som mellanmål. Fil har en lång historia i Sverige, redan på vikingatiden åt man filmjölksliknande produkter. Varumärket Arla Ko garanterar att produkten är gjord på 100 procent svensk mjölk.</p></div><div class=""ql-clipboard"" contenteditable=""true"" tabindex=""-1""></div><div class=""ql-tooltip ql-hidden""><a class=""ql-preview"" target=""_blank"" href=""about:blank""></a><input type=""text"" data-formula=""e=mc^2"" data-link=""https://quilljs.com"" data-video=""Embed URL""><a class=""ql-action""></a><a class=""ql-remove""></a></div>","Sverige","Högpastöriserad mjölk, jordgubbspuré 4,8%, socker 4,6%, majsstärkelse, naturlig arom,förtjockningsmedel (pektin), filkultur, vitamin D.","<div class=""ql-editor"" data-gramm=""false"" contenteditable=""true""><p><span style=""color: rgb(38, 38, 58);"">Per 100 gram:</span></p><p><span style=""color: rgb(38, 38, 58);"">Energi 240 kJ/60 kcal</span></p><p><span style=""color: rgb(38, 38, 58);"">Fett 0.5 g</span></p><p><span style=""color: rgb(38, 38, 58);"">-varav mättat fett 0.3 g</span></p><p><span style=""color: rgb(38, 38, 58);"">Kolhydrat 8.7 g</span></p><p><span style=""color: rgb(38, 38, 58);"">-varav sockerarter 8.3 g</span></p><p><span style=""color: rgb(38, 38, 58);"">Protein 3.3 g</span></p><p><span style=""color: rgb(38, 38, 58);"">Salt 0.1 g</span></p><p>Vitamin D 0,91 µg</p></div><div class=""ql-clipboard"" contenteditable=""true"" tabindex=""-1""></div><div class=""ql-tooltip ql-hidden""><a class=""ql-preview"" target=""_blank"" href=""about:blank""></a><input type=""text"" data-formula=""e=mc^2"" data-link=""https://quilljs.com"" data-video=""Embed URL""><a class=""ql-action""></a><a class=""ql-remove""></a></div>","Förvaras kyld vid högst 8°C","<div class=""ql-editor"" data-gramm=""false"" contenteditable=""true""><p>Livshem har ambitionen att alltid ge rätt produkt information. Förändringar i produktens innehåll kan ske över tid, kontrollera därför alltid före användning informationen på produktens förpackning.</p></div><div class=""ql-clipboard"" contenteditable=""true"" tabindex=""-1""></div><div class=""ql-tooltip ql-hidden""><a class=""ql-preview"" target=""_blank"" href=""about:blank""></a><input type=""text"" data-formula=""e=mc^2"" data-link=""https://quilljs.com"" data-video=""Embed URL""><a class=""ql-action""></a><a class=""ql-remove""></a></div>","","24,95","","24,95 kr/kg","","In Stock","1 kg","","Gräddfil & filmjölk","Filmjölk med Smak"
"173","https://livsham2.softwarebyte.co/assets/images/product_image/18877.jpg","Kefir Naturell 2,5% Laktosfri","Mejeri, ost & ägg","Lager","<div class=""ql-editor"" data-gramm=""false"" contenteditable=""true""><p>Prova Arlas krämiga och goda Kefir! Arla Kefir är fermenterad med kulturer karakteristiska för kefir och innehåller 13 olika levande mjölksyrabakterier samt jäst. Det bildas lite kolsyra i produkten när den fermenteras vilket ger den en lite spritsig eller kittlande känsla i munnen. Varje sked eller klunk kefir rymmer myriader av goda bakterier. Toppa kefiren med färska bär, din favoritmüsli eller njut av den som den är! Det bästa du kan göra för din mage är att äta sunt och varierat. Produkten görs på 100 procent svensk mjölk. Kalcium bidrar till matsmältningsenzymernas normala funktion.</p></div><div class=""ql-clipboard"" contenteditable=""true"" tabindex=""-1""></div><div class=""ql-tooltip ql-hidden""><a class=""ql-preview"" target=""_blank"" href=""about:blank""></a><input type=""text"" data-formula=""e=mc^2"" data-link=""https://quilljs.com"" data-video=""Embed URL""><a class=""ql-action""></a><a class=""ql-remove""></a></div>","Sverige","MJÖLK, syrningskultur, jäst, D-vitamin, laktasenzym. Mjölken är högpastöriserad.","<div class=""ql-editor"" data-gramm=""false"" contenteditable=""true""><p><span style=""color: rgb(38, 38, 58);"">Per 100 gram:</span></p><p><span style=""color: rgb(38, 38, 58);"">Energi 230 kJ/50 kcal</span></p><p><span style=""color: rgb(38, 38, 58);"">Fett 2.5 g</span></p><p><span style=""color: rgb(38, 38, 58);"">-varav mättat fett 1.6 g</span></p><p><span style=""color: rgb(38, 38, 58);"">Kolhydrat 3.9 g</span></p><p><span style=""color: rgb(38, 38, 58);"">-varav sockerarter 3.9 g</span></p><p><span style=""color: rgb(38, 38, 58);"">Protein 3.5 g</span></p><p><span style=""color: rgb(38, 38, 58);"">Salt 0.1 g</span></p><p><span style=""color: rgb(38, 38, 58);"">Vitamin D 1 µg</span></p><p><span style=""color: rgb(38, 38, 58);"">Riboflavin 0.15 mg</span></p><p><span style=""color: rgb(38, 38, 58);"">Vitamin B12 0.37 µg</span></p><p><span style=""color: rgb(38, 38, 58);"">Kalcium 120 mg</span></p></div><div class=""ql-clipboard"" contenteditable=""true"" tabindex=""-1""></div><div class=""ql-tooltip ql-hidden""><a class=""ql-preview"" target=""_blank"" href=""about:blank""></a><input type=""text"" data-formula=""e=mc^2"" data-link=""https://quilljs.com"" data-video=""Embed URL""><a class=""ql-action""></a><a class=""ql-remove""></a></div>","Förvaras kyld vid högst 8°C","<div class=""ql-editor"" data-gramm=""false"" contenteditable=""true""><p>Livshem har ambitionen att alltid ge rätt produkt information. Förändringar i produktens innehåll kan ske över tid, kontrollera därför alltid före användning informationen på produktens förpackning.</p></div><div class=""ql-clipboard"" contenteditable=""true"" tabindex=""-1""></div><div class=""ql-tooltip ql-hidden""><a class=""ql-preview"" target=""_blank"" href=""about:blank""></a><input type=""text"" data-formula=""e=mc^2"" data-link=""https://quilljs.com"" data-video=""Embed URL""><a class=""ql-action""></a><a class=""ql-remove""></a></div>","","22,95","","22,95 kr/kg","","In Stock","1 kg","","Gräddfil & filmjölk","Filmjölk naturell"
"174","https://livsham2.softwarebyte.co/assets/images/product_image/83994.jpg","Onaka filmjölk naturell 1,5%","Mejeri, ost & ägg","Lager","<div class=""ql-editor"" data-gramm=""false"" contenteditable=""true""><p>Onaka Plus Dofilus® 1,5% är en härligt krämig filmjölk som förutom Bifidobacterium Lactis (BB-12) innehåller bakteriekulturerna LA-5 och F19. En unik sammansättning som vi kallat för Arla Dofilus. Börja dagen med Arla Onaka-filen eller njut den till mellanmål. Den är gjord av 100 procent svensk mjölk. Kalcium bidrar till matsmältningsenzymernas normala funktion. Låt gärna Onaka Plus Dofilus vara en del av hälsosam kost och livsstil.</p></div><div class=""ql-clipboard"" contenteditable=""true"" tabindex=""-1""></div><div class=""ql-tooltip ql-hidden""><a class=""ql-preview"" target=""_blank"" href=""about:blank""></a><input type=""text"" data-formula=""e=mc^2"" data-link=""https://quilljs.com"" data-video=""Embed URL""><a class=""ql-action""></a><a class=""ql-remove""></a></div>","Sverige","Högpastöriserad mjölk, filkultur, Bifidobacterium lactis BB-12® Lactobacillus acidophilus LA-5®, Lactobacillus casei F19®, D-vitamin.","<div class=""ql-editor"" data-gramm=""false"" contenteditable=""true""><p><span style=""color: rgb(38, 38, 58);"">Per 100 gram:</span></p><p><span style=""color: rgb(38, 38, 58);"">Energi 200 kJ/50 kcal</span></p><p><span style=""color: rgb(38, 38, 58);"">Fett 1.5 g</span></p><p><span style=""color: rgb(38, 38, 58);"">-varav mättat fett 1 g</span></p><p><span style=""color: rgb(38, 38, 58);"">Kolhydrat 3.9 g</span></p><p><span style=""color: rgb(38, 38, 58);"">-varav sockerarter 3.9 g</span></p><p><span style=""color: rgb(38, 38, 58);"">Protein 3.8 g</span></p><p><span style=""color: rgb(38, 38, 58);"">Salt 0.1 g</span></p><p><span style=""color: rgb(38, 38, 58);"">Vitamin D 1 µg</span></p><p><span style=""color: rgb(38, 38, 58);"">Kalcium 120 mg</span></p></div><div class=""ql-clipboard"" contenteditable=""true"" tabindex=""-1""></div><div class=""ql-tooltip ql-hidden""><a class=""ql-preview"" target=""_blank"" href=""about:blank""></a><input type=""text"" data-formula=""e=mc^2"" data-link=""https://quilljs.com"" data-video=""Embed URL""><a class=""ql-action""></a><a class=""ql-remove""></a></div>","Förvaras kyld vid högst 8°C","<div class=""ql-editor"" data-gramm=""false"" contenteditable=""true""><p>Livshem har ambitionen att alltid ge rätt produkt information. Förändringar i produktens innehåll kan ske över tid, kontrollera därför alltid före användning informationen på produktens förpackning.</p></div><div class=""ql-clipboard"" contenteditable=""true"" tabindex=""-1""></div><div class=""ql-tooltip ql-hidden""><a class=""ql-preview"" target=""_blank"" href=""about:blank""></a><input type=""text"" data-formula=""e=mc^2"" data-link=""https://quilljs.com"" data-video=""Embed URL""><a class=""ql-action""></a><a class=""ql-remove""></a></div>","","22,95","","22,95 kr/kg","","In Stock","1 kg","","Gräddfil & filmjölk","Filmjölk naturell"
"175","https://livsham2.softwarebyte.co/assets/images/product_image/49929.jpg","Mellanfil 1,5%","Mejeri, ost & ägg","Lager","<div class=""ql-editor"" data-gramm=""false"" contenteditable=""true""><p>Mellanfil med naturell smak från Arla, gjord på god svensk mjölk från Arlagårdar. Mellanfil har en lite tjockare konsistens, svagt syrlig smak med karakteristisk filarom och lätt gräddighet. Ät Arla Mellanfil 1,5% som den är eller toppa med favoritmüslin, flingor, bär eller frukt. Visste du att fil har en lång historia i Sverige? Redan på vikingarnas tid åt man produkter som liknade vår filmjölk. Varumärket Arla Ko garanterar att produkten är gjord på 100 % svensk mjölk.</p></div><div class=""ql-clipboard"" contenteditable=""true"" tabindex=""-1""></div><div class=""ql-tooltip ql-hidden""><a class=""ql-preview"" target=""_blank"" href=""about:blank""></a><input type=""text"" data-formula=""e=mc^2"" data-link=""https://quilljs.com"" data-video=""Embed URL""><a class=""ql-action""></a><a class=""ql-remove""></a></div>","Sverige","Högpastöriserad MJÖLK, filkultur, vitamin D.","<div class=""ql-editor"" data-gramm=""false"" contenteditable=""true""><p><span style=""color: rgb(38, 38, 58);"">Per 100 gram:</span></p><p><span style=""color: rgb(38, 38, 58);"">Energi 190 kJ/45 kcal</span></p><p><span style=""color: rgb(38, 38, 58);"">Fett 1.5 g</span></p><p><span style=""color: rgb(38, 38, 58);"">-varav mättat fett 1 g</span></p><p><span style=""color: rgb(38, 38, 58);"">Kolhydrat 3.8 g</span></p><p><span style=""color: rgb(38, 38, 58);"">-varav sockerarter 3.8 g</span></p><p><span style=""color: rgb(38, 38, 58);"">Protein 3.5 g</span></p><p><span style=""color: rgb(38, 38, 58);"">Salt 0.1 g</span></p><p><span style=""color: rgb(38, 38, 58);"">Vitamin D 1 µg</span></p><p><span style=""color: rgb(38, 38, 58);"">Kalcium 120 mg</span></p></div><div class=""ql-clipboard"" contenteditable=""true"" tabindex=""-1""></div><div class=""ql-tooltip ql-hidden""><a class=""ql-preview"" target=""_blank"" href=""about:blank""></a><input type=""text"" data-formula=""e=mc^2"" data-link=""https://quilljs.com"" data-video=""Embed URL""><a class=""ql-action""></a><a class=""ql-remove""></a></div>","Förvaras kyld vid högst 8°C","<div class=""ql-editor"" data-gramm=""false"" contenteditable=""true""><p>Livshem har ambitionen att alltid ge rätt produkt information. Förändringar i produktens innehåll kan ske över tid, kontrollera därför alltid före användning informationen på produktens förpackning.</p></div><div class=""ql-clipboard"" contenteditable=""true"" tabindex=""-1""></div><div class=""ql-tooltip ql-hidden""><a class=""ql-preview"" target=""_blank"" href=""about:blank""></a><input type=""text"" data-formula=""e=mc^2"" data-link=""https://quilljs.com"" data-video=""Embed URL""><a class=""ql-action""></a><a class=""ql-remove""></a></div>","","15,50","","15,50 kr/kg","","In Stock","1 kg","","Gräddfil & filmjölk","Filmjölk naturell"
"176","https://livsham2.softwarebyte.co/assets/images/product_image/73371.jpg","Mellanfil 1,5%","Mejeri, ost & ägg","Lager","<div class=""ql-editor"" data-gramm=""false"" contenteditable=""true""><p>Mellanfil gjord på svensk mjölk från Arlagårdar. Smaken är svagt syrlig med karakteristisk filarom och lätt gräddighet. Konsistensen är lite tjockare och filen kan med fördel ätas med müsli, flingor, frukt eller bär. Fil har en lång historia i Sverige – redan på Vikingatiden åt man filmjölksliknande produkter. Varumärket Arla Ko garanterar att produkten är gjord på 100 procent svensk mjölk.</p></div><div class=""ql-clipboard"" contenteditable=""true"" tabindex=""-1""></div><div class=""ql-tooltip ql-hidden""><a class=""ql-preview"" target=""_blank"" href=""about:blank""></a><input type=""text"" data-formula=""e=mc^2"" data-link=""https://quilljs.com"" data-video=""Embed URL""><a class=""ql-action""></a><a class=""ql-remove""></a></div>","Sverige","Högpastöriserad mjölk, filkultur och vitamin D.","<div class=""ql-editor"" data-gramm=""false"" contenteditable=""true""><p><span style=""color: rgb(38, 38, 58);"">Per 100 gram:</span></p><p><span style=""color: rgb(38, 38, 58);"">Energi 190 kJ/45 kcal</span></p><p><span style=""color: rgb(38, 38, 58);"">Fett 1.5 g</span></p><p><span style=""color: rgb(38, 38, 58);"">-varav mättat fett 1 g</span></p><p><span style=""color: rgb(38, 38, 58);"">Kolhydrat 3.8 g</span></p><p><span style=""color: rgb(38, 38, 58);"">-varav sockerarter 3.8 g</span></p><p><span style=""color: rgb(38, 38, 58);"">Protein 3.5 g</span></p><p><span style=""color: rgb(38, 38, 58);"">Salt 0.1 g</span></p><p><span style=""color: rgb(38, 38, 58);"">Vitamin D 1 µg</span></p><p><span style=""color: rgb(38, 38, 58);"">Kalcium 120 mg</span></p></div><div class=""ql-clipboard"" contenteditable=""true"" tabindex=""-1""></div><div class=""ql-tooltip ql-hidden""><a class=""ql-preview"" target=""_blank"" href=""about:blank""></a><input type=""text"" data-formula=""e=mc^2"" data-link=""https://quilljs.com"" data-video=""Embed URL""><a class=""ql-action""></a><a class=""ql-remove""></a></div>","Förvaras kyld vid högst 8°C","<div class=""ql-editor"" data-gramm=""false"" contenteditable=""true""><p>Livshem har ambitionen att alltid ge rätt produkt information. Förändringar i produktens innehåll kan ske över tid, kontrollera därför alltid före användning informationen på produktens förpackning.</p></div><div class=""ql-clipboard"" contenteditable=""true"" tabindex=""-1""></div><div class=""ql-tooltip ql-hidden""><a class=""ql-preview"" target=""_blank"" href=""about:blank""></a><input type=""text"" data-formula=""e=mc^2"" data-link=""https://quilljs.com"" data-video=""Embed URL""><a class=""ql-action""></a><a class=""ql-remove""></a></div>","","21,50","","14,33 kr/kg","","In Stock","1,5 kg","","Gräddfil & filmjölk","Filmjölk naturell"
"177","https://livsham2.softwarebyte.co/assets/images/product_image/40149.jpg","Filmjölk A-fil Plus Dofilus 3% Ekologisk","Mejeri, ost & ägg","Lager","<div class=""ql-editor"" data-gramm=""false"" contenteditable=""true""><p>Krämig ekologisk A-fil som innehåller acidophilus (LA-5) tillsammans med bakteriekulturerna BB-12 och F19. Vi har döpt den unika kombinationen till Arla Dofilus. A-filen är lika god till frukost och som till mellanmål. Produkten är gjord av 100 procent svensk ekologisk mjölk och innehåller kalcium som bidrar till att matsmältningsenzymerna fungerar normalt. Låt vår goda och nyttiga filmjölk bli en del av en balanserad kost och en hälsosam livsstil.</p></div><div class=""ql-clipboard"" contenteditable=""true"" tabindex=""-1""></div><div class=""ql-tooltip ql-hidden""><a class=""ql-preview"" target=""_blank"" href=""about:blank""></a><input type=""text"" data-formula=""e=mc^2"" data-link=""https://quilljs.com"" data-video=""Embed URL""><a class=""ql-action""></a><a class=""ql-remove""></a></div>","Sverige","Mjölk* (högpastöriserad), filkultur, Lactobacillus acidophilus LA-5®, Bifidobacterium lactis BB-12®, Lactobacillus casei F19®, vitamin D. *KRAV-ekologisk ingrediens.","<div class=""ql-editor"" data-gramm=""false"" contenteditable=""true""><p><span style=""color: rgb(38, 38, 58);"">Per 100 gram:</span></p><p><span style=""color: rgb(38, 38, 58);"">Energi 250 kJ/60 kcal</span></p><p><span style=""color: rgb(38, 38, 58);"">Fett 3 g</span></p><p><span style=""color: rgb(38, 38, 58);"">-varav mättat fett 1.9 g</span></p><p><span style=""color: rgb(38, 38, 58);"">Kolhydrat 3.9 g</span></p><p><span style=""color: rgb(38, 38, 58);"">-varav sockerarter 3.9 g</span></p><p><span style=""color: rgb(38, 38, 58);"">Protein 3.4 g</span></p><p><span style=""color: rgb(38, 38, 58);"">Salt 0.1 g</span></p><p><span style=""color: rgb(38, 38, 58);"">Vitamin D 1 µg</span></p><p><span style=""color: rgb(38, 38, 58);"">Kalcium 120 mg</span></p></div><div class=""ql-clipboard"" contenteditable=""true"" tabindex=""-1""></div><div class=""ql-tooltip ql-hidden""><a class=""ql-preview"" target=""_blank"" href=""about:blank""></a><input type=""text"" data-formula=""e=mc^2"" data-link=""https://quilljs.com"" data-video=""Embed URL""><a class=""ql-action""></a><a class=""ql-remove""></a></div>","Förvaras kyld vid högst 8°C","<div class=""ql-editor"" data-gramm=""false"" contenteditable=""true""><p>Livshem har ambitionen att alltid ge rätt produkt information. Förändringar i produktens innehåll kan ske över tid, kontrollera därför alltid före användning informationen på produktens förpackning.</p></div><div class=""ql-clipboard"" contenteditable=""true"" tabindex=""-1""></div><div class=""ql-tooltip ql-hidden""><a class=""ql-preview"" target=""_blank"" href=""about:blank""></a><input type=""text"" data-formula=""e=mc^2"" data-link=""https://quilljs.com"" data-video=""Embed URL""><a class=""ql-action""></a><a class=""ql-remove""></a></div>","","19,95","","19,95 kr/kg","","In Stock","1 kg","","Gräddfil & filmjölk","Filmjölk naturell"
"178","https://livsham2.softwarebyte.co/assets/images/product_image/87843.jpg","Filmjölk A-fil Plus Dofilus 3%","Frukt & grönt","Lager","<div class=""ql-editor"" data-gramm=""false"" contenteditable=""true""><p>God och krämig naturell A-fil som förutom acidophilus (LA-5) innehåller bakteriekulturerna BB-12 och F19. En unik kombination som vi kallar för Arla Dofilus. Denna filmjök är god och nyttig både till frukost och som mellanmål. Hälsofilen är gjord av 100 procent svensk mjölk. Kalcium bidrar till matsmältningsenzymernas normala funktion. Ät Arla A-fil Plus Dofilus® 3% som en del av en balanserad kost och en hälsosam livsstil.</p></div><div class=""ql-clipboard"" contenteditable=""true"" tabindex=""-1""></div><div class=""ql-tooltip ql-hidden""><a class=""ql-preview"" target=""_blank"" href=""about:blank""></a><input type=""text"" data-formula=""e=mc^2"" data-link=""https://quilljs.com"" data-video=""Embed URL""><a class=""ql-action""></a><a class=""ql-remove""></a></div>","Sverige","Högpastöriserad mjölk, filkultur, Lactobacillus acidophilus LA-5®, Bifidobacterium lactis BB-12®, Lactobacillus casei F19®, D-vitamin.","<div class=""ql-editor"" data-gramm=""false"" contenteditable=""true""><p>Per 100 gram:</p><p>Energi 250 kJ/60 kcal</p><p>Fett 3 g</p><p>-varav mättat fett 1.9 g</p><p>Kolhydrat 3.9 g</p><p>-varav sockerarter 3.9 g</p><p>Protein 3.4 g</p><p>Salt 0.1 g</p><p>Vitamin D 1 µg</p><p>Kalcium 120 mg</p><p><br></p></div><div class=""ql-clipboard"" contenteditable=""true"" tabindex=""-1""></div><div class=""ql-tooltip ql-hidden""><a class=""ql-preview"" target=""_blank"" href=""about:blank""></a><input type=""text"" data-formula=""e=mc^2"" data-link=""https://quilljs.com"" data-video=""Embed URL""><a class=""ql-action""></a><a class=""ql-remove""></a></div>","Förvaras kyld vid högst 8°C","<div class=""ql-editor"" data-gramm=""false"" contenteditable=""true""><p>Livshem har ambitionen att alltid ge rätt produkt information. Förändringar i produktens innehåll kan ske över tid, kontrollera därför alltid före användning informationen på produktens förpackning.</p></div><div class=""ql-clipboard"" contenteditable=""true"" tabindex=""-1""></div><div class=""ql-tooltip ql-hidden""><a class=""ql-preview"" target=""_blank"" href=""about:blank""></a><input type=""text"" data-formula=""e=mc^2"" data-link=""https://quilljs.com"" data-video=""Embed URL""><a class=""ql-action""></a><a class=""ql-remove""></a></div>","","19,10","","19,10 kr/kg","","In Stock","1 kg","","Mjölk, grädde, yoghurt","Äpple"
"179","https://livsham2.softwarebyte.co/assets/images/product_image/44910.jpg","Filmjölk Jordgubb 2,7%","Mejeri, ost & ägg","Lager","<div class=""ql-editor"" data-gramm=""false"" contenteditable=""true""><p>Arla Ko® Filmjölk med mild och god smak av jordgubbar, gjord på svensk mjölk från Arlagårdar. Jordgubbsfilen är svagt syrlig med karakteristisk filarom och lätt gräddighet. Konsistensen är lite tjockare. Arlas filmjölk med jordgubb kan med fördel ätas med müsli eller flingor, både till frukost och som mellanmål. Fil har en lång historia i Sverige, redan på vikingatiden åt man filmjölksliknande produkter. Varumärket Arla Ko garanterar att produkten är gjord på 100 procent svensk mjölk.</p></div><div class=""ql-clipboard"" contenteditable=""true"" tabindex=""-1""></div><div class=""ql-tooltip ql-hidden""><a class=""ql-preview"" target=""_blank"" href=""about:blank""></a><input type=""text"" data-formula=""e=mc^2"" data-link=""https://quilljs.com"" data-video=""Embed URL""><a class=""ql-action""></a><a class=""ql-remove""></a></div>","Sverige","Högpastöriserad MJÖLK, jordgubbspuré 4,7 %, socker 4,6 %, majsstärkelse, naturlig arom, förtjockningsmedel (pektin), filkultur och vitamin D.","<div class=""ql-editor"" data-gramm=""false"" contenteditable=""true""><p><span style=""color: rgb(38, 38, 58);"">Per 100 gram:</span></p><p><span style=""color: rgb(38, 38, 58);"">Energi 310 kJ/70 kcal</span></p><p><span style=""color: rgb(38, 38, 58);"">Fett 2.7 g</span></p><p><span style=""color: rgb(38, 38, 58);"">-varav mättat fett 1.7 g</span></p><p><span style=""color: rgb(38, 38, 58);"">Kolhydrat 8.6 g</span></p><p><span style=""color: rgb(38, 38, 58);"">-varav sockerarter 8.2 g</span></p><p><span style=""color: rgb(38, 38, 58);"">Protein 3.1 g</span></p><p><span style=""color: rgb(38, 38, 58);"">Salt 0.1 g</span></p><p><span style=""color: rgb(38, 38, 58);"">Vitamin D 0.89 µg</span></p></div><div class=""ql-clipboard"" contenteditable=""true"" tabindex=""-1""></div><div class=""ql-tooltip ql-hidden""><a class=""ql-preview"" target=""_blank"" href=""about:blank""></a><input type=""text"" data-formula=""e=mc^2"" data-link=""https://quilljs.com"" data-video=""Embed URL""><a class=""ql-action""></a><a class=""ql-remove""></a></div>","Förvaras kyld vid högst 8°C","<div class=""ql-editor"" data-gramm=""false"" contenteditable=""true""><p>Livshem har ambitionen att alltid ge rätt produkt information. Förändringar i produktens innehåll kan ske över tid, kontrollera därför alltid före användning informationen på produktens förpackning.</p></div><div class=""ql-clipboard"" contenteditable=""true"" tabindex=""-1""></div><div class=""ql-tooltip ql-hidden""><a class=""ql-preview"" target=""_blank"" href=""about:blank""></a><input type=""text"" data-formula=""e=mc^2"" data-link=""https://quilljs.com"" data-video=""Embed URL""><a class=""ql-action""></a><a class=""ql-remove""></a></div>","","22,95","","22,95 kr/kg","","In Stock","1 kg","","Gräddfil & filmjölk","Filmjölk med Smak"
"180","https://livsham2.softwarebyte.co/assets/images/product_image/6838.jpg","Filmjölk blåbär & hallon 2,7%","Mejeri, ost & ägg","Lager","<div class=""ql-editor"" data-gramm=""false"" contenteditable=""true""><p>Arla Ko® Filmjölk med mild smak av blåbär och hallon. Filen har svagt syrlig smak och karakteristisk filarom. Konsistensen är lite tjockare. Filmjölken kan avnjutas som den är eller med müsli eller flingor, ett nyttigt alternativ både till frukost och till mellanmål. Fil har en lång historia i Sverige, redan på vikingatiden åt man filmjölksliknande produkter. Varumärket Arla Ko garanterar att produkten är gjord på 100 procent svensk mjölk.</p></div><div class=""ql-clipboard"" contenteditable=""true"" tabindex=""-1""></div><div class=""ql-tooltip ql-hidden""><a class=""ql-preview"" target=""_blank"" href=""about:blank""></a><input type=""text"" data-formula=""e=mc^2"" data-link=""https://quilljs.com"" data-video=""Embed URL""><a class=""ql-action""></a><a class=""ql-remove""></a></div>","Sverige","Högpastöriserad MJÖLK, socker 4,6 %, hallon 2,6 %, blåbär 2,1 %, majsstärkelse, naturlig arom, förtjockningsmedel (pektin), syra (citronsyra), filkultur och vitamin D.","<div class=""ql-editor"" data-gramm=""false"" contenteditable=""true""><p><span style=""color: rgb(38, 38, 58);"">Per 100 gram:</span></p><p><span style=""color: rgb(38, 38, 58);"">Energi 310 kJ/75 kcal</span></p><p><span style=""color: rgb(38, 38, 58);"">Fett 2.7 g</span></p><p><span style=""color: rgb(38, 38, 58);"">-varav mättat fett 1.7 g</span></p><p><span style=""color: rgb(38, 38, 58);"">Kolhydrat 8.6 g</span></p><p><span style=""color: rgb(38, 38, 58);"">-varav sockerarter 8.4 g</span></p><p><span style=""color: rgb(38, 38, 58);"">Protein 3.1 g</span></p><p><span style=""color: rgb(38, 38, 58);"">Salt 0.1 g</span></p><p><span style=""color: rgb(38, 38, 58);"">Vitamin D 0.89 µg</span></p></div><div class=""ql-clipboard"" contenteditable=""true"" tabindex=""-1""></div><div class=""ql-tooltip ql-hidden""><a class=""ql-preview"" target=""_blank"" href=""about:blank""></a><input type=""text"" data-formula=""e=mc^2"" data-link=""https://quilljs.com"" data-video=""Embed URL""><a class=""ql-action""></a><a class=""ql-remove""></a></div>","Förvaras kyld vid högst 8°C","<div class=""ql-editor"" data-gramm=""false"" contenteditable=""true""><p>Livshem har ambitionen att alltid ge rätt produkt information. Förändringar i produktens innehåll kan ske över tid, kontrollera därför alltid före användning informationen på produktens förpackning.</p></div><div class=""ql-clipboard"" contenteditable=""true"" tabindex=""-1""></div><div class=""ql-tooltip ql-hidden""><a class=""ql-preview"" target=""_blank"" href=""about:blank""></a><input type=""text"" data-formula=""e=mc^2"" data-link=""https://quilljs.com"" data-video=""Embed URL""><a class=""ql-action""></a><a class=""ql-remove""></a></div>","","24,95","","24,95 kr/kg","","In Stock","1 kg","","Gräddfil & filmjölk","Filmjölk med Smak"
"181","https://livsham2.softwarebyte.co/assets/images/product_image/31948.jpg","Gräddfil 12%","Mejeri, ost & ägg","Lager","<div class=""ql-editor"" data-gramm=""false"" contenteditable=""true""><p>Arla Ko® Gräddfil 12% tillverkas av färsk grädde från svenska Arlagårdar. Originalet sedan 1952 är en riktig klassiker som har sin självklara plats i mat till såväl vardag som helg och smakar som gräddfil ska smaka- svagt syrlig och gräddig med en lätt krämig konsistens. Gräddfil används med fördel som en svalkande klick till soppor och grytor, till tacos och bakad potatis. Utmärkt i kalla såser, dressingar och dip och i krämiga sallader. I mjuka kakor ger gräddfil saftighet och i desserter som tex pannacotta en fräschare känsla. Varumärket Arla Ko® garanterar att produkten är gjord på 100 procent svensk mjölk.</p></div><div class=""ql-clipboard"" contenteditable=""true"" tabindex=""-1""></div><div class=""ql-tooltip ql-hidden""><a class=""ql-preview"" target=""_blank"" href=""about:blank""></a><input type=""text"" data-formula=""e=mc^2"" data-link=""https://quilljs.com"" data-video=""Embed URL""><a class=""ql-action""></a><a class=""ql-remove""></a></div>","Sverige","Pastöriserad GRÄDDE, syrningskultur.","<div class=""ql-editor"" data-gramm=""false"" contenteditable=""true""><p>Per 100 ml:</p><p>Energi 550 kJ/140 kcal</p><p>Fett 12 g</p><p>- Varav mättat fett 7.7 g</p><p>Kolhydrat 3.4 g</p><p>- Varav sockerarter 3.4 g</p><p>Protein 3.1 g</p><p>Salt 0.1 g</p><p><br></p></div><div class=""ql-clipboard"" contenteditable=""true"" tabindex=""-1""></div><div class=""ql-tooltip ql-hidden""><a class=""ql-preview"" target=""_blank"" href=""about:blank""></a><input type=""text"" data-formula=""e=mc^2"" data-link=""https://quilljs.com"" data-video=""Embed URL""><a class=""ql-action""></a><a class=""ql-remove""></a></div>","Förvaras kyld vid högst 8°C","<div class=""ql-editor"" data-gramm=""false"" contenteditable=""true""><p>Livshem har ambitionen att alltid ge rätt produkt information. Förändringar i produktens innehåll kan ske över tid, kontrollera därför alltid före användning informationen på produktens förpackning.</p></div><div class=""ql-clipboard"" contenteditable=""true"" tabindex=""-1""></div><div class=""ql-tooltip ql-hidden""><a class=""ql-preview"" target=""_blank"" href=""about:blank""></a><input type=""text"" data-formula=""e=mc^2"" data-link=""https://quilljs.com"" data-video=""Embed URL""><a class=""ql-action""></a><a class=""ql-remove""></a></div>","","13,95","","46,50 kr/l","","In Stock","3 dl","","Gräddfil & filmjölk","Gräddfil"
"182","https://livsham2.softwarebyte.co/assets/images/product_image/62873.jpg","Gräddfil 10% Laktosfri","Mejeri, ost & ägg","Lager","<div class=""ql-editor"" data-gramm=""false"" contenteditable=""true""><p>Arla Ko® Laktosfri gräddfil 10% tillverkad av färsk grädde från svenska Arlagårdar. Gräddfil är en riktig klassiker som har sin självklara plats i mat till såväl vardag som helg. Laktosfri gräddfil har en svagt syrlig och gräddig, lite söt smak med en lätt krämig konsistens. Gräddfil används med fördel som en svalkande klick till soppor och grytor, till tacos och bakad potatis. Utmärkt i kalla såser, dressingar och dip och i krämiga sallader. I mjuka kakor ger gräddfil saftighet och i desserter som tex pannacotta en fräschare känsla.</p><p>Varumärket Arla Ko® garanterar att produkten är gjord på 100 procent svensk mjölk.</p></div><div class=""ql-clipboard"" contenteditable=""true"" tabindex=""-1""></div><div class=""ql-tooltip ql-hidden""><a class=""ql-preview"" target=""_blank"" href=""about:blank""></a><input type=""text"" data-formula=""e=mc^2"" data-link=""https://quilljs.com"" data-video=""Embed URL""><a class=""ql-action""></a><a class=""ql-remove""></a></div>","Sverige","Pastöriserad GRÄDDE, laktasenzym, syrningskultur.","<div class=""ql-editor"" data-gramm=""false"" contenteditable=""true""><p><span style=""color: rgb(38, 38, 58);"">Per 100 gram:</span></p><p><span style=""color: rgb(38, 38, 58);"">Energi 490 kJ/120 kcal</span></p><p><span style=""color: rgb(38, 38, 58);"">Fett 10 g</span></p><p><span style=""color: rgb(38, 38, 58);"">-varav mättat fett 6.4 g</span></p><p><span style=""color: rgb(38, 38, 58);"">Kolhydrat 3.5 g</span></p><p><span style=""color: rgb(38, 38, 58);"">-varav sockerarter 3.5 g</span></p><p><span style=""color: rgb(38, 38, 58);"">Protein 3.2 g</span></p><p><span style=""color: rgb(38, 38, 58);"">Salt 0.1 g</span></p><p><span style=""color: rgb(38, 38, 58);"">Laktos 0 g</span></p></div><div class=""ql-clipboard"" contenteditable=""true"" tabindex=""-1""></div><div class=""ql-tooltip ql-hidden""><a class=""ql-preview"" target=""_blank"" href=""about:blank""></a><input type=""text"" data-formula=""e=mc^2"" data-link=""https://quilljs.com"" data-video=""Embed URL""><a class=""ql-action""></a><a class=""ql-remove""></a></div>","Förvaras kyld vid högst 8°C","<div class=""ql-editor"" data-gramm=""false"" contenteditable=""true""><p>Livshem har ambitionen att alltid ge rätt produkt information. Förändringar i produktens innehåll kan ske över tid, kontrollera därför alltid före användning informationen på produktens förpackning.</p></div><div class=""ql-clipboard"" contenteditable=""true"" tabindex=""-1""></div><div class=""ql-tooltip ql-hidden""><a class=""ql-preview"" target=""_blank"" href=""about:blank""></a><input type=""text"" data-formula=""e=mc^2"" data-link=""https://quilljs.com"" data-video=""Embed URL""><a class=""ql-action""></a><a class=""ql-remove""></a></div>","","16,50","","55,00 kr/l","","In Stock","3 dl","","Gräddfil & filmjölk","Gräddfil"
"183","https://livsham2.softwarebyte.co/assets/images/product_image/29549.jpg","Gräddfil 12%","Mejeri, ost & ägg","Lager","<div class=""ql-editor"" data-gramm=""false"" contenteditable=""true""><p>Arla Ko® Gräddfil 12% tillverkas av färsk grädde från svenska Arlagårdar. Originalet sedan 1952 är en riktig klassiker som har sin självklara plats i mat till såväl vardag som helg och smakar som gräddfil ska smaka- svagt syrlig och gräddig med en lätt krämig konsistens. Gräddfil används med fördel som en svalkande klick till soppor och grytor, till tacos och bakad potatis. Utmärkt i kalla såser, dressingar och dip och i krämiga sallader. I mjuka kakor ger gräddfil saftighet och i desserter som tex pannacotta en fräschare känsla. Varumärket Arla Ko® garanterar att produkten är gjord på 100 procent svensk mjölk.</p></div><div class=""ql-clipboard"" contenteditable=""true"" tabindex=""-1""></div><div class=""ql-tooltip ql-hidden""><a class=""ql-preview"" target=""_blank"" href=""about:blank""></a><input type=""text"" data-formula=""e=mc^2"" data-link=""https://quilljs.com"" data-video=""Embed URL""><a class=""ql-action""></a><a class=""ql-remove""></a></div>","Sverige","Pastöriserad GRÄDDE, syrningskultur.","<div class=""ql-editor"" data-gramm=""false"" contenteditable=""true""><p><span style=""color: rgb(38, 38, 58);"">Per 100 gram:</span></p><p><span style=""color: rgb(38, 38, 58);"">Energi 550 kJ/140 kcal</span></p><p><span style=""color: rgb(38, 38, 58);"">Fett 12 g</span></p><p><span style=""color: rgb(38, 38, 58);"">-varav mättat fett 7.7 g</span></p><p><span style=""color: rgb(38, 38, 58);"">Kolhydrat 3.4 g</span></p><p><span style=""color: rgb(38, 38, 58);"">-varav sockerarter 3.4 g</span></p><p><span style=""color: rgb(38, 38, 58);"">Protein 3.1 g</span></p><p><span style=""color: rgb(38, 38, 58);"">Salt 0.1 g</span></p></div><div class=""ql-clipboard"" contenteditable=""true"" tabindex=""-1""></div><div class=""ql-tooltip ql-hidden""><a class=""ql-preview"" target=""_blank"" href=""about:blank""></a><input type=""text"" data-formula=""e=mc^2"" data-link=""https://quilljs.com"" data-video=""Embed URL""><a class=""ql-action""></a><a class=""ql-remove""></a></div>","Förvaras kyld vid högst 8°C","<div class=""ql-editor"" data-gramm=""false"" contenteditable=""true""><p>Livshem har ambitionen att alltid ge rätt produkt information. Förändringar i produktens innehåll kan ske över tid, kontrollera därför alltid före användning informationen på produktens förpackning.</p></div><div class=""ql-clipboard"" contenteditable=""true"" tabindex=""-1""></div><div class=""ql-tooltip ql-hidden""><a class=""ql-preview"" target=""_blank"" href=""about:blank""></a><input type=""text"" data-formula=""e=mc^2"" data-link=""https://quilljs.com"" data-video=""Embed URL""><a class=""ql-action""></a><a class=""ql-remove""></a></div>","","24,50","","49,00 kr/l","","In Stock","5 dl","","Gräddfil & filmjölk","Gräddfil"
"184","https://livsham2.softwarebyte.co/assets/images/product_image/11682.jpg","Ägg 6p frigående inomhus medium","Mejeri, ost & ägg","Snabbgross","<div class=""ql-editor"" data-gramm=""false"" contenteditable=""true""><p>6-pack ägg från frigående höns inomhus. Mediumstora ägg från Sverige.</p></div><div class=""ql-clipboard"" contenteditable=""true"" tabindex=""-1""></div><div class=""ql-tooltip ql-hidden""><a class=""ql-preview"" target=""_blank"" href=""about:blank""></a><input type=""text"" data-formula=""e=mc^2"" data-link=""https://quilljs.com"" data-video=""Embed URL""><a class=""ql-action""></a><a class=""ql-remove""></a></div>","Sverige","Ägg","<div class=""ql-editor"" data-gramm=""false"" contenteditable=""true""><p>Per 100 gram:</p><p>Energi&nbsp;600 kJ/ 140 kcal</p><p>Fett&nbsp;9.7 g</p><p>&nbsp;varav mättat fett 2.6 g</p><p>Kolhydrat&nbsp;0 g</p><p>&nbsp;varav sockerarter 0 g</p><p>Protein&nbsp;12 g</p><p>Salt&nbsp;0.4 g</p><p><br></p></div><div class=""ql-clipboard"" contenteditable=""true"" tabindex=""-1""></div><div class=""ql-tooltip ql-hidden""><a class=""ql-preview"" target=""_blank"" href=""about:blank""></a><input type=""text"" data-formula=""e=mc^2"" data-link=""https://quilljs.com"" data-video=""Embed URL""><a class=""ql-action""></a><a class=""ql-remove""></a></div>","Förvaras bäst i kylskåp.","<div class=""ql-editor"" data-gramm=""false"" contenteditable=""true""><p>Livshem har ambitionen att alltid ge rätt produkt information. Förändringar i produktens innehåll kan ske över tid, kontrollera därför alltid före användning informationen på produktens förpackning.</p></div><div class=""ql-clipboard"" contenteditable=""true"" tabindex=""-1""></div><div class=""ql-tooltip ql-hidden""><a class=""ql-preview"" target=""_blank"" href=""about:blank""></a><input type=""text"" data-formula=""e=mc^2"" data-link=""https://quilljs.com"" data-video=""Embed URL""><a class=""ql-action""></a><a class=""ql-remove""></a></div>","","18,95","","3,16 kr/st","","In Stock","6p","","Ägg & jäst","Ägg"
"185","https://livsham2.softwarebyte.co/assets/images/product_image/7776.jpg","Ägg 15p frigående inomhus medium","Mejeri, ost & ägg","Lager","<div class=""ql-editor"" data-gramm=""false"" contenteditable=""true""><p>15-pack ägg från frigående höns inomhus. Mediumstora från Sverige.</p></div><div class=""ql-clipboard"" contenteditable=""true"" tabindex=""-1""></div><div class=""ql-tooltip ql-hidden""><a class=""ql-preview"" target=""_blank"" href=""about:blank""></a><input type=""text"" data-formula=""e=mc^2"" data-link=""https://quilljs.com"" data-video=""Embed URL""><a class=""ql-action""></a><a class=""ql-remove""></a></div>","Sverige","Ägg","<div class=""ql-editor"" data-gramm=""false"" contenteditable=""true""><p>Per 100 gram:</p><p>Energi&nbsp;600 kJ/ 140 kcal</p><p>Fett&nbsp;9.7 g</p><p>&nbsp;varav mättat fett 2.6 g</p><p>Kolhydrat&nbsp;0 g</p><p>&nbsp;varav sockerarter 0 g</p><p>Protein&nbsp;12 g</p><p>Salt&nbsp;0.4 g</p></div><div class=""ql-clipboard"" contenteditable=""true"" tabindex=""-1""></div><div class=""ql-tooltip ql-hidden""><a class=""ql-preview"" target=""_blank"" href=""about:blank""></a><input type=""text"" data-formula=""e=mc^2"" data-link=""https://quilljs.com"" data-video=""Embed URL""><a class=""ql-action""></a><a class=""ql-remove""></a></div>","Förvaras bäst i kylskåp.","<div class=""ql-editor"" data-gramm=""false"" contenteditable=""true""><p>Livshem har ambitionen att alltid ge rätt produkt information. Förändringar i produktens innehåll kan ske över tid, kontrollera därför alltid före användning informationen på produktens förpackning.</p></div><div class=""ql-clipboard"" contenteditable=""true"" tabindex=""-1""></div><div class=""ql-tooltip ql-hidden""><a class=""ql-preview"" target=""_blank"" href=""about:blank""></a><input type=""text"" data-formula=""e=mc^2"" data-link=""https://quilljs.com"" data-video=""Embed URL""><a class=""ql-action""></a><a class=""ql-remove""></a></div>","","41,95","","2,80 kr/st","","In Stock","15 st","","Ägg & jäst","Ägg"
"186","https://livsham2.softwarebyte.co/assets/images/product_image/84446.jpg","Ägg 6p Frigående Utomhus Medium/large","Mejeri, ost & ägg","Lager","<div class=""ql-editor"" data-gramm=""false"" contenteditable=""true""><p>6-pack ägg från frigående höns utomhus. Utfodrade med sojafritt foder. Mediumstora och stora ägg från Sverige.</p></div><div class=""ql-clipboard"" contenteditable=""true"" tabindex=""-1""></div><div class=""ql-tooltip ql-hidden""><a class=""ql-preview"" target=""_blank"" href=""about:blank""></a><input type=""text"" data-formula=""e=mc^2"" data-link=""https://quilljs.com"" data-video=""Embed URL""><a class=""ql-action""></a><a class=""ql-remove""></a></div>","Sverige","","<div class=""ql-editor"" data-gramm=""false"" contenteditable=""true""><p>Per 100 gram:</p><p>Energi&nbsp;600 kJ/ 140 kcal</p><p>Fett&nbsp;9.7 g</p><p>&nbsp;varav mättat fett 2.6 g</p><p>Kolhydrat&nbsp;0 g</p><p>&nbsp;varav sockerarter 0 g</p><p>Protein&nbsp;12 g</p><p>Salt&nbsp;0.4 g</p></div><div class=""ql-clipboard"" contenteditable=""true"" tabindex=""-1""></div><div class=""ql-tooltip ql-hidden""><a class=""ql-preview"" target=""_blank"" href=""about:blank""></a><input type=""text"" data-formula=""e=mc^2"" data-link=""https://quilljs.com"" data-video=""Embed URL""><a class=""ql-action""></a><a class=""ql-remove""></a></div>","Förvaras bäst i kylskåp.","<div class=""ql-editor"" data-gramm=""false"" contenteditable=""true""><p>Livshem har ambitionen att alltid ge rätt produkt information. Förändringar i produktens innehåll kan ske över tid, kontrollera därför alltid före användning informationen på produktens förpackning.</p></div><div class=""ql-clipboard"" contenteditable=""true"" tabindex=""-1""></div><div class=""ql-tooltip ql-hidden""><a class=""ql-preview"" target=""_blank"" href=""about:blank""></a><input type=""text"" data-formula=""e=mc^2"" data-link=""https://quilljs.com"" data-video=""Embed URL""><a class=""ql-action""></a><a class=""ql-remove""></a></div>","","23,95","","3,99 kr/st","","In Stock","6 st","","Ägg & jäst","Ägg"
"187","https://livsham2.softwarebyte.co/assets/images/product_image/33935.jpg","Jäst för matbröd","Mejeri, ost & ägg","Lager","<div class=""ql-editor"" data-gramm=""false"" contenteditable=""true""><p>Svensk färsk jäst som har optimal jäskraft i degar för matbröd. Jästcellerna arbetar produktivt tillsammans med näringen i mjölet (sockret från stärkelsen), och&nbsp;mindre effektivt i degar med tillsatt socker.</p><p><br></p><p>KronJäst för Matbröd rörs ut i fingervarm degvätska (ca 37 °C) eller kall degvätska (ca 10 °C), vid kalljäsning. Därefter blandar man ner övriga bakingredienser innan man arbetar ihop allt till en smidig och elastisk deg.</p><p><br></p></div><div class=""ql-clipboard"" contenteditable=""true"" tabindex=""-1""></div><div class=""ql-tooltip ql-hidden""><a class=""ql-preview"" target=""_blank"" href=""about:blank""></a><input type=""text"" data-formula=""e=mc^2"" data-link=""https://quilljs.com"" data-video=""Embed URL""><a class=""ql-action""></a><a class=""ql-remove""></a></div>","Sverige","Jäst","<div class=""ql-editor ql-blank"" data-gramm=""false"" contenteditable=""true""><p><br></p></div><div class=""ql-clipboard"" contenteditable=""true"" tabindex=""-1""></div><div class=""ql-tooltip ql-hidden""><a class=""ql-preview"" target=""_blank"" href=""about:blank""></a><input type=""text"" data-formula=""e=mc^2"" data-link=""https://quilljs.com"" data-video=""Embed URL""><a class=""ql-action""></a><a class=""ql-remove""></a></div>","Förvaras vid högst 8°C","<div class=""ql-editor ql-blank"" data-gramm=""false"" contenteditable=""true""><p><br></p></div><div class=""ql-clipboard"" contenteditable=""true"" tabindex=""-1""></div><div class=""ql-tooltip ql-hidden""><a class=""ql-preview"" target=""_blank"" href=""about:blank""></a><input type=""text"" data-formula=""e=mc^2"" data-link=""https://quilljs.com"" data-video=""Embed URL""><a class=""ql-action""></a><a class=""ql-remove""></a></div>","","3,50","","70,00 kr/kg","","In Stock","50 g","","Ägg & jäst","Jäst"
"188","https://livsham2.softwarebyte.co/assets/images/product_image/27431.jpg","Jäst för söta degar","Mejeri, ost & ägg","Lager","<div class=""ql-editor"" data-gramm=""false"" contenteditable=""true""><p>Svensk färsk jäst som har optimal jäskraft i söta degar (en deg&nbsp;med mer än&nbsp;2,5 msk socker per 14 dl mjöl, t.ex. vetebröd). Jästcellerna i ett paket KronJäst för Söta Degar arbetar bäst tillsammans med socker&nbsp;och&nbsp;mindre effektivt i degar utan tillsatt socker.</p><p>&nbsp;</p><p>Färsk KronJäst för Söta Degar rörs ut i fingervarm degvätska (ca 37 °C) eller kall degvätska (ca 10 °C), vid kalljäsning. Därefter blandar man ner övriga bakingredienser innan man arbetar ihop allt till en smidig och elastisk deg.</p><p><br></p></div><div class=""ql-clipboard"" contenteditable=""true"" tabindex=""-1""></div><div class=""ql-tooltip ql-hidden""><a class=""ql-preview"" target=""_blank"" href=""about:blank""></a><input type=""text"" data-formula=""e=mc^2"" data-link=""https://quilljs.com"" data-video=""Embed URL""><a class=""ql-action""></a><a class=""ql-remove""></a></div>","Sverige","Jäst","<div class=""ql-editor ql-blank"" data-gramm=""false"" contenteditable=""true""><p><br></p></div><div class=""ql-clipboard"" contenteditable=""true"" tabindex=""-1""></div><div class=""ql-tooltip ql-hidden""><a class=""ql-preview"" target=""_blank"" href=""about:blank""></a><input type=""text"" data-formula=""e=mc^2"" data-link=""https://quilljs.com"" data-video=""Embed URL""><a class=""ql-action""></a><a class=""ql-remove""></a></div>","Förvaras vid högst 8°C","<div class=""ql-editor ql-blank"" data-gramm=""false"" contenteditable=""true""><p><br></p></div><div class=""ql-clipboard"" contenteditable=""true"" tabindex=""-1""></div><div class=""ql-tooltip ql-hidden""><a class=""ql-preview"" target=""_blank"" href=""about:blank""></a><input type=""text"" data-formula=""e=mc^2"" data-link=""https://quilljs.com"" data-video=""Embed URL""><a class=""ql-action""></a><a class=""ql-remove""></a></div>","","3,95","","79,00 kr/kg","","In Stock","50 g","","Ägg & jäst","Jäst"
"189","https://livsham2.softwarebyte.co/assets/images/product_image/22396.jpg","Torrjäst Matbröd 2-pack","Mejeri, ost & ägg","Lager","<div class=""ql-editor"" data-gramm=""false"" contenteditable=""true""><p>orkad svensk&nbsp;jäst som har optimal jäskraft i degar för matbröd. Jästcellerna arbetar tillsammans med näringen i mjölet (sockret från stärkelsen) och jobbar mindre effektivt i degar med tillsatt socker, dvs mer än 2,5 msk socker/sirap per 14 dl mjöl.</p><p><br></p><p>Blanda ner Torr KronJäst för Matbröd i mjölet och låt dra i ca 10 min, innan den fingervarma degvätskan (ca 37 °C) och övriga ingredienser tillsätts. Arbeta därefter ihop allt till en smidig och elastisk deg.</p><p><br></p></div><div class=""ql-clipboard"" contenteditable=""true"" tabindex=""-1""></div><div class=""ql-tooltip ql-hidden""><a class=""ql-preview"" target=""_blank"" href=""about:blank""></a><input type=""text"" data-formula=""e=mc^2"" data-link=""https://quilljs.com"" data-video=""Embed URL""><a class=""ql-action""></a><a class=""ql-remove""></a></div>","Sverige","Jäst, emulgeringsmedel E491 (vegetabiliskt).","<div class=""ql-editor ql-blank"" data-gramm=""false"" contenteditable=""true""><p><br></p></div><div class=""ql-clipboard"" contenteditable=""true"" tabindex=""-1""></div><div class=""ql-tooltip ql-hidden""><a class=""ql-preview"" target=""_blank"" href=""about:blank""></a><input type=""text"" data-formula=""e=mc^2"" data-link=""https://quilljs.com"" data-video=""Embed URL""><a class=""ql-action""></a><a class=""ql-remove""></a></div>","Torrt, ej över normal rumstemperatur. Öppnad förpackning bör förbrukas inom 3 dygn. Förslut påsen väl och förvara i kylskåp.","<div class=""ql-editor ql-blank"" data-gramm=""false"" contenteditable=""true""><p><br></p></div><div class=""ql-clipboard"" contenteditable=""true"" tabindex=""-1""></div><div class=""ql-tooltip ql-hidden""><a class=""ql-preview"" target=""_blank"" href=""about:blank""></a><input type=""text"" data-formula=""e=mc^2"" data-link=""https://quilljs.com"" data-video=""Embed URL""><a class=""ql-action""></a><a class=""ql-remove""></a></div>","","7,95","","283,93 kr/kg","","In Stock","280 g","","Ägg & jäst","Jäst"
"190","https://livsham2.softwarebyte.co/assets/images/product_image/43402.jpg","Torrjäst Söta degar 2-pack","Mejeri, ost & ägg","Lager","<div class=""ql-editor"" data-gramm=""false"" contenteditable=""true""><p>Torkad svensk jäst som har optimal jäskraft i söta degar med tillsatt socker, dvs minst 2,5 msk socker/sirap per 14 dl mjöl, t.ex. vetebröd. Jästcellerna arbetar tillsammans med sockret och jobbar därför mindre effektivt i degar utan tillsatt socker.</p><p><br></p><p>Blanda ner Torr KronJäst för Söta Degar i mjölet och låt dra i ca 10 min, innan den fingervarma degvätskan, ca 37 °C, och övriga ingredienser tillsätts. Därefter arbetar man ihop allt till en smidig och elastisk deg.</p><p><br></p></div><div class=""ql-clipboard"" contenteditable=""true"" tabindex=""-1""></div><div class=""ql-tooltip ql-hidden""><a class=""ql-preview"" target=""_blank"" href=""about:blank""></a><input type=""text"" data-formula=""e=mc^2"" data-link=""https://quilljs.com"" data-video=""Embed URL""><a class=""ql-action""></a><a class=""ql-remove""></a></div>","Sverige","Jäst, emulgeringsmedel E491 (vegetabiliskt).","<div class=""ql-editor ql-blank"" data-gramm=""false"" contenteditable=""true""><p><br></p></div><div class=""ql-clipboard"" contenteditable=""true"" tabindex=""-1""></div><div class=""ql-tooltip ql-hidden""><a class=""ql-preview"" target=""_blank"" href=""about:blank""></a><input type=""text"" data-formula=""e=mc^2"" data-link=""https://quilljs.com"" data-video=""Embed URL""><a class=""ql-action""></a><a class=""ql-remove""></a></div>","Torrt, ej över normal rumstemperatur. Öppnad förpackning bör förbrukas inom 3 dygn. Förslut påsen väl och förvara i kylskåp.","<div class=""ql-editor ql-blank"" data-gramm=""false"" contenteditable=""true""><p><br></p></div><div class=""ql-clipboard"" contenteditable=""true"" tabindex=""-1""></div><div class=""ql-tooltip ql-hidden""><a class=""ql-preview"" target=""_blank"" href=""about:blank""></a><input type=""text"" data-formula=""e=mc^2"" data-link=""https://quilljs.com"" data-video=""Embed URL""><a class=""ql-action""></a><a class=""ql-remove""></a></div>","","8,95","","319,64 kr/kg","","In Stock","280 g","","Ägg & jäst","Jäst"
"191","https://livsham2.softwarebyte.co/assets/images/product_image/91690.jpg","Surdeg fullkornsvete","Mejeri, ost & ägg","Lager","<div class=""ql-editor"" data-gramm=""false"" contenteditable=""true""><p>En färdig surdeg med levande surdegskultur som kan användas direkt, spontant och enkelt. KronJäst Surdeg behöver man inte mata, den är klar att blanda ner i degen direkt vid degberedningen och mängden är anpassad efter ett lämpligt grundrecept. Receptet kan varieras efter eget önskemål, med alternativa mjölsorter, olika form och garnering på brödet.</p><p><br></p><p>Blandas med: Jäst + Vatten + Mjöl + Olja + Salt = 2-3 bröd.</p><p><br></p><p>Grundrecept på förpackning (baksidan av påsen).</p><p><br></p></div><div class=""ql-clipboard"" contenteditable=""true"" tabindex=""-1""></div><div class=""ql-tooltip ql-hidden""><a class=""ql-preview"" target=""_blank"" href=""about:blank""></a><input type=""text"" data-formula=""e=mc^2"" data-link=""https://quilljs.com"" data-video=""Embed URL""><a class=""ql-action""></a><a class=""ql-remove""></a></div>","Norge","Flytande fullkornsvetesurdeg med levande surdegskultur (vatten, fermenterat fullkornsvetemjöl, fruktos), stabiliseringsmedel (E415).","<div class=""ql-editor ql-blank"" data-gramm=""false"" contenteditable=""true""><p><br></p></div><div class=""ql-clipboard"" contenteditable=""true"" tabindex=""-1""></div><div class=""ql-tooltip ql-hidden""><a class=""ql-preview"" target=""_blank"" href=""about:blank""></a><input type=""text"" data-formula=""e=mc^2"" data-link=""https://quilljs.com"" data-video=""Embed URL""><a class=""ql-action""></a><a class=""ql-remove""></a></div>","Förvaras vid högst 6°C","<div class=""ql-editor ql-blank"" data-gramm=""false"" contenteditable=""true""><p><br></p></div><div class=""ql-clipboard"" contenteditable=""true"" tabindex=""-1""></div><div class=""ql-tooltip ql-hidden""><a class=""ql-preview"" target=""_blank"" href=""about:blank""></a><input type=""text"" data-formula=""e=mc^2"" data-link=""https://quilljs.com"" data-video=""Embed URL""><a class=""ql-action""></a><a class=""ql-remove""></a></div>","","24,50","","163,33 kr/kg","","In Stock","150 g","","Ägg & jäst","Jäst"
"192","https://livsham2.softwarebyte.co/assets/images/product_image/76556.jpg","Surdeg Råg","Mejeri, ost & ägg","Lager","<div class=""ql-editor"" data-gramm=""false"" contenteditable=""true""><p>Färdig surdeg för alla som gillar surdegsbröd. En surdeg med levande surdegskultur som kan användas direkt, spontant och enkelt.&nbsp;KronJäst Surdeg behöver man inte mata, den är klar att blanda ner i degen direkt vid degberedningen och mängden är anpassad efter ett lämpligt grundrecept. Receptet kan varieras efter eget önskemål, med alternativa mjölsorter, olika form och garnering på brödet.</p><p><br></p><p>Blandas med: Jäst + Vatten + Mjöl + Olja + Salt = 2-3 bröd.</p><p><br></p><p>Grundrecept på baksidan av förpackning.</p></div><div class=""ql-clipboard"" contenteditable=""true"" tabindex=""-1""></div><div class=""ql-tooltip ql-hidden""><a class=""ql-preview"" target=""_blank"" href=""about:blank""></a><input type=""text"" data-formula=""e=mc^2"" data-link=""https://quilljs.com"" data-video=""Embed URL""><a class=""ql-action""></a><a class=""ql-remove""></a></div>","Norge","Flytande rågsurdeg med levande surdegskultur (vatten, fermenterat rågmjöl av fullkorn), stabiliseringsmedel (E415).","<div class=""ql-editor ql-blank"" data-gramm=""false"" contenteditable=""true""><p><br></p></div><div class=""ql-clipboard"" contenteditable=""true"" tabindex=""-1""></div><div class=""ql-tooltip ql-hidden""><a class=""ql-preview"" target=""_blank"" href=""about:blank""></a><input type=""text"" data-formula=""e=mc^2"" data-link=""https://quilljs.com"" data-video=""Embed URL""><a class=""ql-action""></a><a class=""ql-remove""></a></div>","","<div class=""ql-editor ql-blank"" data-gramm=""false"" contenteditable=""true""><p><br></p></div><div class=""ql-clipboard"" contenteditable=""true"" tabindex=""-1""></div><div class=""ql-tooltip ql-hidden""><a class=""ql-preview"" target=""_blank"" href=""about:blank""></a><input type=""text"" data-formula=""e=mc^2"" data-link=""https://quilljs.com"" data-video=""Embed URL""><a class=""ql-action""></a><a class=""ql-remove""></a></div>","","24,50","","163,33 kr/kg","","In Stock","150 g","","Ägg & jäst","Jäst"
"193","https://livsham2.softwarebyte.co/assets/images/product_image/3975.jpg","Färsk vispgrädde 40%","Mejeri, ost & ägg","Lager","<div class=""ql-editor"" data-gramm=""false"" contenteditable=""true""><p>Färsk vispgrädde gjord på svensk mjölk från Arlagårdar. Den har en tydlig, genuin gräddsmak och mjuk fyllig konsistens. Grädde förstärker och samtidigt rundar av smaken vilket förhöjer matupplevelsen. Även en liten mängd grädde gör skillnad! Vispgrädde smakar också ljuvligt till allt från tårtor, desserter och färska jordgubbar till bakverk som exempelvis nygräddad kladdkaka. Vispa grädden när den är kylskåpskall för att få den perfekt fluffig. Varumärket Arla Ko garanterar att produkten är gjord på 100 procent svensk mjölk.</p></div><div class=""ql-clipboard"" contenteditable=""true"" tabindex=""-1""></div><div class=""ql-tooltip ql-hidden""><a class=""ql-preview"" target=""_blank"" href=""about:blank""></a><input type=""text"" data-formula=""e=mc^2"" data-link=""https://quilljs.com"" data-video=""Embed URL""><a class=""ql-action""></a><a class=""ql-remove""></a></div>","Sverige","Pastöriserad GRÄDDE.","<div class=""ql-editor"" data-gramm=""false"" contenteditable=""true""><p><span style=""color: rgb(38, 38, 58);"">Per 100 gram:</span></p><p><span style=""color: rgb(38, 38, 58);"">Energi 1550 kJ/370 kcal</span></p><p><span style=""color: rgb(38, 38, 58);"">Fett 40 g</span></p><p><span style=""color: rgb(38, 38, 58);"">-varav mättat fett 26 g</span></p><p><span style=""color: rgb(38, 38, 58);"">Kolhydrat 3 g</span></p><p><span style=""color: rgb(38, 38, 58);"">-varav sockerarter 3 g</span></p><p><span style=""color: rgb(38, 38, 58);"">Protein 2.1 g</span></p><p><span style=""color: rgb(38, 38, 58);"">Salt 0.1 g</span></p><p><span style=""color: rgb(38, 38, 58);"">Vitamin A 370 µg</span></p><p><span style=""color: rgb(38, 38, 58);"">Vitamin K 12 µg</span></p></div><div class=""ql-clipboard"" contenteditable=""true"" tabindex=""-1""></div><div class=""ql-tooltip ql-hidden""><a class=""ql-preview"" target=""_blank"" href=""about:blank""></a><input type=""text"" data-formula=""e=mc^2"" data-link=""https://quilljs.com"" data-video=""Embed URL""><a class=""ql-action""></a><a class=""ql-remove""></a></div>","Förvaras kyld vid högst 8°C","<div class=""ql-editor"" data-gramm=""false"" contenteditable=""true""><p>Livshem har ambitionen att alltid ge rätt produkt information. Förändringar i produktens innehåll kan ske över tid, kontrollera därför alltid före användning informationen på produktens förpackning.</p></div><div class=""ql-clipboard"" contenteditable=""true"" tabindex=""-1""></div><div class=""ql-tooltip ql-hidden""><a class=""ql-preview"" target=""_blank"" href=""about:blank""></a><input type=""text"" data-formula=""e=mc^2"" data-link=""https://quilljs.com"" data-video=""Embed URL""><a class=""ql-action""></a><a class=""ql-remove""></a></div>","","33,50","","67,00 kr/l","","In Stock","5 dl","","Grädde &  Creme fraiche","Vispgrädde"
"194","https://livsham2.softwarebyte.co/assets/images/product_image/32831.jpg","Vispgrädde 36%","Mejeri, ost & ägg","Lager","<div class=""ql-editor"" data-gramm=""false"" contenteditable=""true""><p>Arla Köket® Vispgrädde 36% har en behagligt frisk smak av grädde och mjuk, krämig och len konsistens. Vispgrädde både förstärker och rundar av smaken vilket gör den idealisk till vardagsmatlagning, bakning och desserter. Även en liten mängd grädde i mat gör stor skillnad för smaken. Produkten har längre hållbarhet och en praktisk återförslutningsbar förpackning med skruvkork och håller sig fräsch och god flera dagar efter den öppnats. Symbolen med den blågula gräddkannan garanterar 100 procent svensk grädde.</p></div><div class=""ql-clipboard"" contenteditable=""true"" tabindex=""-1""></div><div class=""ql-tooltip ql-hidden""><a class=""ql-preview"" target=""_blank"" href=""about:blank""></a><input type=""text"" data-formula=""e=mc^2"" data-link=""https://quilljs.com"" data-video=""Embed URL""><a class=""ql-action""></a><a class=""ql-remove""></a></div>","Sverige","Pastöriserad GRÄDDE, stabiliseringsmedel (karragenan).","<div class=""ql-editor"" data-gramm=""false"" contenteditable=""true""><p><span style=""color: rgb(38, 38, 58);"">Per 100 gram:</span></p><p><span style=""color: rgb(38, 38, 58);"">Energi 1400 kJ/340 kcal</span></p><p><span style=""color: rgb(38, 38, 58);"">Fett 36 g</span></p><p><span style=""color: rgb(38, 38, 58);"">-varav mättat fett 23 g</span></p><p><span style=""color: rgb(38, 38, 58);"">Kolhydrat 2.9 g</span></p><p><span style=""color: rgb(38, 38, 58);"">-varav sockerarter 2.9 g</span></p><p><span style=""color: rgb(38, 38, 58);"">Protein 2.3 g</span></p><p><span style=""color: rgb(38, 38, 58);"">Salt 0.1 g</span></p><p><span style=""color: rgb(38, 38, 58);"">Vitamin A 330 µg</span></p><p><span style=""color: rgb(38, 38, 58);"">Vitamin B12 0.39 µg</span></p></div><div class=""ql-clipboard"" contenteditable=""true"" tabindex=""-1""></div><div class=""ql-tooltip ql-hidden""><a class=""ql-preview"" target=""_blank"" href=""about:blank""></a><input type=""text"" data-formula=""e=mc^2"" data-link=""https://quilljs.com"" data-video=""Embed URL""><a class=""ql-action""></a><a class=""ql-remove""></a></div>","Förvaras kyld vid högst 8°C","<div class=""ql-editor"" data-gramm=""false"" contenteditable=""true""><p>Livshem har ambitionen att alltid ge rätt produkt information. Förändringar i produktens innehåll kan ske över tid, kontrollera därför alltid före användning informationen på produktens förpackning.</p></div><div class=""ql-clipboard"" contenteditable=""true"" tabindex=""-1""></div><div class=""ql-tooltip ql-hidden""><a class=""ql-preview"" target=""_blank"" href=""about:blank""></a><input type=""text"" data-formula=""e=mc^2"" data-link=""https://quilljs.com"" data-video=""Embed URL""><a class=""ql-action""></a><a class=""ql-remove""></a></div>","","32,95","","65,90 kr/l","","In Stock","5 dl","","Grädde &  Creme fraiche","Vispgrädde"
"195","https://livsham2.softwarebyte.co/assets/images/product_image/29238.jpg","Färsk vispgrädde 40%","Mejeri, ost & ägg","Lager","<div class=""ql-editor"" data-gramm=""false"" contenteditable=""true""><p>Färsk vispgrädde gjord på svensk mjölk från Arlagårdar. Arla Ko® Färsk vispgrädde 40% har en tydlig, genuin gräddsmak och mjuk fyllig konsistens. Vispgrädde förstärker och samtidigt rundar av smaken vilket förhöjer matupplevelsen. Även en liten mängd grädde i mat gör skillnad! Färsk vispgrädde är vår finaste vispgrädde och smakar ljuvligt till allt från desserter och färska jordgubbar till bakverk som exempelvis kladdkaka och bästa vispgrädden till tårta. Vispa grädden när den är kylskåpskall för att få den perfekt fluffig. Varumärket Arla Ko® garanterar att produkten är gjord på 100 procent svensk mjölk.</p></div><div class=""ql-clipboard"" contenteditable=""true"" tabindex=""-1""></div><div class=""ql-tooltip ql-hidden""><a class=""ql-preview"" target=""_blank"" href=""about:blank""></a><input type=""text"" data-formula=""e=mc^2"" data-link=""https://quilljs.com"" data-video=""Embed URL""><a class=""ql-action""></a><a class=""ql-remove""></a></div>","Sverige","Pastöriserad GRÄDDE.","<div class=""ql-editor"" data-gramm=""false"" contenteditable=""true""><p>Per 100 gram:</p><p>Energi 1550 kJ/370 kcal</p><p>Fett 40 g</p><p>-varav mättat fett 26 g</p><p>Kolhydrat 3 g</p><p>-varav sockerarter 3 g</p><p>Protein 2.1 g</p><p>Salt 0.1 g</p><p>Vitamin A 370 µg</p><p>Vitamin K 12 µg</p><p><br></p></div><div class=""ql-clipboard"" contenteditable=""true"" tabindex=""-1""></div><div class=""ql-tooltip ql-hidden""><a class=""ql-preview"" target=""_blank"" href=""about:blank""></a><input type=""text"" data-formula=""e=mc^2"" data-link=""https://quilljs.com"" data-video=""Embed URL""><a class=""ql-action""></a><a class=""ql-remove""></a></div>","Förvaras kyld vid högst 8°C","<div class=""ql-editor"" data-gramm=""false"" contenteditable=""true""><p>Livshem har ambitionen att alltid ge rätt produkt information. Förändringar i produktens innehåll kan ske över tid, kontrollera därför alltid före användning informationen på produktens förpackning.</p></div><div class=""ql-clipboard"" contenteditable=""true"" tabindex=""-1""></div><div class=""ql-tooltip ql-hidden""><a class=""ql-preview"" target=""_blank"" href=""about:blank""></a><input type=""text"" data-formula=""e=mc^2"" data-link=""https://quilljs.com"" data-video=""Embed URL""><a class=""ql-action""></a><a class=""ql-remove""></a></div>","","22,95","","76,50 kr/l","","In Stock","3 dl","","Grädde &  Creme fraiche","Vispgrädde"
"196","https://livsham2.softwarebyte.co/assets/images/product_image/36017.jpg","Matlagningsgrädde 13%","Mejeri, ost & ägg","Lager","<div class=""ql-editor"" data-gramm=""false"" contenteditable=""true""><p>Arla Köket® Matlagningsgrädde 13% är en kokbar grädde med lägre fetthalt och längre hållbarhet. Matgrädden som lockar fram det bästa i vardagsmatlagningen – även en liten mängd grädde gör skillnad för smaken. Den har en fyllig, gräddig smak och är idealisk att använda i grytor, soppor och såser. Kan behöva redas, speciellt om syrliga ingredienser ingår i din matlagning. Grädden har en praktisk återförslutningsbar förpackning med skruvkork och håller sig fräsch och god flera dagar. Symbolen med den blågula gräddkannan garanterar 100 procent svensk grädde.</p></div><div class=""ql-clipboard"" contenteditable=""true"" tabindex=""-1""></div><div class=""ql-tooltip ql-hidden""><a class=""ql-preview"" target=""_blank"" href=""about:blank""></a><input type=""text"" data-formula=""e=mc^2"" data-link=""https://quilljs.com"" data-video=""Embed URL""><a class=""ql-action""></a><a class=""ql-remove""></a></div>","Sverige","","<div class=""ql-editor"" data-gramm=""false"" contenteditable=""true""><p><span style=""color: rgb(38, 38, 58);"">Per 100 gram:</span></p><p><span style=""color: rgb(38, 38, 58);"">Energi 600 kJ/150 kcal</span></p><p><span style=""color: rgb(38, 38, 58);"">Fett 13 g</span></p><p><span style=""color: rgb(38, 38, 58);"">-varav mättat fett 8.3 g</span></p><p><span style=""color: rgb(38, 38, 58);"">Kolhydrat 4.2 g</span></p><p><span style=""color: rgb(38, 38, 58);"">-varav sockerarter 4.2 g</span></p><p><span style=""color: rgb(38, 38, 58);"">Protein 3.1 g</span></p><p><span style=""color: rgb(38, 38, 58);"">Salt 0.1 g</span></p><p><span style=""color: rgb(38, 38, 58);"">Vitamin A 120 µg</span></p><p><span style=""color: rgb(38, 38, 58);"">Vitamin B12 0.53 µg</span></p></div><div class=""ql-clipboard"" contenteditable=""true"" tabindex=""-1""></div><div class=""ql-tooltip ql-hidden""><a class=""ql-preview"" target=""_blank"" href=""about:blank""></a><input type=""text"" data-formula=""e=mc^2"" data-link=""https://quilljs.com"" data-video=""Embed URL""><a class=""ql-action""></a><a class=""ql-remove""></a></div>","Förvaras kyld vid högst 8°C","<div class=""ql-editor"" data-gramm=""false"" contenteditable=""true""><p>Livshem har ambitionen att alltid ge rätt produkt information. Förändringar i produktens innehåll kan ske över tid, kontrollera därför alltid före användning informationen på produktens förpackning.</p></div><div class=""ql-clipboard"" contenteditable=""true"" tabindex=""-1""></div><div class=""ql-tooltip ql-hidden""><a class=""ql-preview"" target=""_blank"" href=""about:blank""></a><input type=""text"" data-formula=""e=mc^2"" data-link=""https://quilljs.com"" data-video=""Embed URL""><a class=""ql-action""></a><a class=""ql-remove""></a></div>","","29,95","","59,90 kr/l","","In Stock","5 dl","","Grädde &  Creme fraiche","Matlagningsgrädde"
"197","https://livsham2.softwarebyte.co/assets/images/product_image/72850.jpg","Vispgrädde 36% Laktosfri","Mejeri, ost & ägg","Lager","<div class=""ql-editor"" data-gramm=""false"" contenteditable=""true""><p>Arla® Laktosfri vispgrädde 36% har en söt, aromatisk gräddsmak och mjuk, krämig och len konsistens. Gräddens sötma matchar speciellt bra till rätter med syrlig karaktär. Laktosfri vispgrädde både förstärker och rundar av smaken vilket gör den idealisk till vardagsmatlagning, bakning och desserter. Även en liten mängd grädde i mat gör stor skillnad för smaken. Produkten har längre hållbarhet och en praktisk återförslutningsbar förpackning med skruvkork och håller sig fräsch och god flera dagar efter den öppnats. Symbolen med den blågula gräddkannan garanterar 100 procent svensk grädde.</p></div><div class=""ql-clipboard"" contenteditable=""true"" tabindex=""-1""></div><div class=""ql-tooltip ql-hidden""><a class=""ql-preview"" target=""_blank"" href=""about:blank""></a><input type=""text"" data-formula=""e=mc^2"" data-link=""https://quilljs.com"" data-video=""Embed URL""><a class=""ql-action""></a><a class=""ql-remove""></a></div>","Sverige","Pastöriserad GRÄDDE, laktasenzym, stabiliseringsmedel (karragenan).","<div class=""ql-editor"" data-gramm=""false"" contenteditable=""true""><p><span style=""color: rgb(38, 38, 58);"">Per 100 ml:</span></p><p><span style=""color: rgb(38, 38, 58);"">Energi 1400 kJ/340 kcal</span></p><p><span style=""color: rgb(38, 38, 58);"">Fett 36 g</span></p><p><span style=""color: rgb(38, 38, 58);"">- Varav mättat fett 23 g</span></p><p><span style=""color: rgb(38, 38, 58);"">Kolhydrat 2.9 g</span></p><p><span style=""color: rgb(38, 38, 58);"">- Varav sockerarter 2.9 g</span></p><p><span style=""color: rgb(38, 38, 58);"">Protein 2.3 g</span></p><p><span style=""color: rgb(38, 38, 58);"">Salt 0.1 g</span></p><p><span style=""color: rgb(38, 38, 58);"">Vitamin A 330 </span><span style=""color: rgb(56, 66, 65);"">µg</span></p><p><span style=""color: rgb(38, 38, 58);"">Vitamin B12 0.39 </span><span style=""color: rgb(56, 66, 65);"">µg</span></p></div><div class=""ql-clipboard"" contenteditable=""true"" tabindex=""-1""></div><div class=""ql-tooltip ql-hidden""><a class=""ql-preview"" target=""_blank"" href=""about:blank""></a><input type=""text"" data-formula=""e=mc^2"" data-link=""https://quilljs.com"" data-video=""Embed URL""><a class=""ql-action""></a><a class=""ql-remove""></a></div>","Förvaras kyld vid högst 8°C","<div class=""ql-editor"" data-gramm=""false"" contenteditable=""true""><p>Livshem har ambitionen att alltid ge rätt produkt information. Förändringar i produktens innehåll kan ske över tid, kontrollera därför alltid före användning informationen på produktens förpackning.</p></div><div class=""ql-clipboard"" contenteditable=""true"" tabindex=""-1""></div><div class=""ql-tooltip ql-hidden""><a class=""ql-preview"" target=""_blank"" href=""about:blank""></a><input type=""text"" data-formula=""e=mc^2"" data-link=""https://quilljs.com"" data-video=""Embed URL""><a class=""ql-action""></a><a class=""ql-remove""></a></div>","","34,95","","69,90 kr/l","","In Stock","5 dl","","Grädde &  Creme fraiche","Laktosfri Vispgrädde"
"198","https://livsham2.softwarebyte.co/assets/images/product_image/8053.jpg","Vispgrädde 36% Laktosfri","Mejeri, ost & ägg","Lager","<div class=""ql-editor"" data-gramm=""false"" contenteditable=""true""><p>Arla® Laktosfri vispgrädde 36% har en söt, aromatisk gräddsmak och mjuk, krämig och len konsistens. Gräddens sötma matchar speciellt bra till rätter med syrlig karaktär. Laktosfri vispgrädde både förstärker och rundar av smaken vilket gör den idealisk till vardagsmatlagning, bakning och desserter. Även en liten mängd grädde i mat gör stor skillnad för smaken. Produkten har längre hållbarhet och en praktisk återförslutningsbar förpackning med skruvkork och håller sig fräsch och god flera dagar efter den öppnats. Symbolen med den blågula gräddkannan garanterar 100 procent svensk grädde.</p></div><div class=""ql-clipboard"" contenteditable=""true"" tabindex=""-1""></div><div class=""ql-tooltip ql-hidden""><a class=""ql-preview"" target=""_blank"" href=""about:blank""></a><input type=""text"" data-formula=""e=mc^2"" data-link=""https://quilljs.com"" data-video=""Embed URL""><a class=""ql-action""></a><a class=""ql-remove""></a></div>","Sverige","Pastöriserad GRÄDDE, laktasenzym, stabiliseringsmedel (karragenan).","<div class=""ql-editor"" data-gramm=""false"" contenteditable=""true""><p><span style=""color: rgb(38, 38, 58);"">Per 100 ml:</span></p><p><span style=""color: rgb(38, 38, 58);"">Energi 1400 kJ/340 kcal</span></p><p><span style=""color: rgb(38, 38, 58);"">Fett 36 g</span></p><p><span style=""color: rgb(38, 38, 58);"">- Varav mättat fett 23 g</span></p><p><span style=""color: rgb(38, 38, 58);"">Kolhydrat 2.9 g</span></p><p><span style=""color: rgb(38, 38, 58);"">- Varav sockerarter 2.9 g</span></p><p><span style=""color: rgb(38, 38, 58);"">Protein 2.3 g</span></p><p><span style=""color: rgb(38, 38, 58);"">Salt 0.1 g</span></p><p><span style=""color: rgb(38, 38, 58);"">Vitamin A 330 </span><span style=""color: rgb(56, 66, 65);"">µg</span></p><p><span style=""color: rgb(38, 38, 58);"">Vitamin B12 0.39 </span><span style=""color: rgb(56, 66, 65);"">µg</span></p></div><div class=""ql-clipboard"" contenteditable=""true"" tabindex=""-1""></div><div class=""ql-tooltip ql-hidden""><a class=""ql-preview"" target=""_blank"" href=""about:blank""></a><input type=""text"" data-formula=""e=mc^2"" data-link=""https://quilljs.com"" data-video=""Embed URL""><a class=""ql-action""></a><a class=""ql-remove""></a></div>","Förvaras kyld vid högst 8°C","<div class=""ql-editor"" data-gramm=""false"" contenteditable=""true""><p>Livshem har ambitionen att alltid ge rätt produkt information. Förändringar i produktens innehåll kan ske över tid, kontrollera därför alltid före användning informationen på produktens förpackning.</p></div><div class=""ql-clipboard"" contenteditable=""true"" tabindex=""-1""></div><div class=""ql-tooltip ql-hidden""><a class=""ql-preview"" target=""_blank"" href=""about:blank""></a><input type=""text"" data-formula=""e=mc^2"" data-link=""https://quilljs.com"" data-video=""Embed URL""><a class=""ql-action""></a><a class=""ql-remove""></a></div>","","22,50","","75,00 kr/l","","In Stock","3 dl","","Grädde &  Creme fraiche","Laktosfri Vispgrädde"
"199","https://livsham2.softwarebyte.co/assets/images/product_image/30904.jpg","Crème fraiche 32%","Mejeri, ost & ägg","Lager","<div class=""ql-editor"" data-gramm=""false"" contenteditable=""true""><p>Arla Köket® Crème fraiche 32% är en syrad grädde som bjuder på en tydlig karaktär. Gräddig smak med mild syra och en fyllig, krämig konsistens. Crème fraiche är mycket användbart i t.ex. grytor, soppor och såser men även i kalla såser och röror eller som ett krämigt tillbehör. Testa till kakor och dessert för ett friskt inslag. Förhöjer smaken, rundar av och ger fräschör. Kan vispas upp till en fast konsistens. Kokbar. Tillverkas genom syrning av grädde från svenska Arlagår-dar. Symbolen med den blågula gräddkannan garanterar 100 procent svensk grädde.</p></div><div class=""ql-clipboard"" contenteditable=""true"" tabindex=""-1""></div><div class=""ql-tooltip ql-hidden""><a class=""ql-preview"" target=""_blank"" href=""about:blank""></a><input type=""text"" data-formula=""e=mc^2"" data-link=""https://quilljs.com"" data-video=""Embed URL""><a class=""ql-action""></a><a class=""ql-remove""></a></div>","Sverige","Pastöriserad GRÄDDE, syrningskultur.","<div class=""ql-editor"" data-gramm=""false"" contenteditable=""true""><p><span style=""color: rgb(38, 38, 58);"">Per 100 gram:</span></p><p><span style=""color: rgb(38, 38, 58);"">Energi 1300 kJ/310 kcal</span></p><p><span style=""color: rgb(38, 38, 58);"">Fett 32 g</span></p><p><span style=""color: rgb(38, 38, 58);"">-varav mättat fett 20 g</span></p><p><span style=""color: rgb(38, 38, 58);"">Kolhydrat 2.4 g</span></p><p><span style=""color: rgb(38, 38, 58);"">-varav sockerarter 2.4 g</span></p><p><span style=""color: rgb(38, 38, 58);"">Protein 2.4 g</span></p><p><span style=""color: rgb(38, 38, 58);"">Salt 0.1 g</span></p><p><span style=""color: rgb(38, 38, 58);"">Vitamin A 300 µg</span></p></div><div class=""ql-clipboard"" contenteditable=""true"" tabindex=""-1""></div><div class=""ql-tooltip ql-hidden""><a class=""ql-preview"" target=""_blank"" href=""about:blank""></a><input type=""text"" data-formula=""e=mc^2"" data-link=""https://quilljs.com"" data-video=""Embed URL""><a class=""ql-action""></a><a class=""ql-remove""></a></div>","Förvaras kyld vid högst 8°C","<div class=""ql-editor"" data-gramm=""false"" contenteditable=""true""><p>Livshem har ambitionen att alltid ge rätt produkt information. Förändringar i produktens innehåll kan ske över tid, kontrollera därför alltid före användning informationen på produktens förpackning.</p></div><div class=""ql-clipboard"" contenteditable=""true"" tabindex=""-1""></div><div class=""ql-tooltip ql-hidden""><a class=""ql-preview"" target=""_blank"" href=""about:blank""></a><input type=""text"" data-formula=""e=mc^2"" data-link=""https://quilljs.com"" data-video=""Embed URL""><a class=""ql-action""></a><a class=""ql-remove""></a></div>","","39,95","","79,90 kr/l","","In Stock","5 dl","","Grädde &  Creme fraiche","Laktosfri Vispgrädde"
"200","https://livsham2.softwarebyte.co/assets/images/product_image/68908.jpg","Crème Fraiche","Mejeri, ost & ägg","Lager","<div class=""ql-editor"" data-gramm=""false"" contenteditable=""true""><p>Arla Köket® Crème fraiche 32% är en syrad grädde som bjuder på en tydlig karaktär. Gräddig smak med mild syra och en fyllig, krämig konsistens. Crème fraiche är mycket användbart i t.ex. grytor, soppor och såser men även i kalla såser och röror eller som ett krämigt tillbehör. Testa till kakor och dessert för ett friskt inslag. Förhöjer smaken, rundar av och ger fräschör. Kan vispas upp till en fast konsistens. Kokbar. Tillverkas genom syrning av grädde från svenska Arlagårdar. Symbolen med den blågula gräddkannan garanterar 100 procent svensk grädde</p></div><div class=""ql-clipboard"" contenteditable=""true"" tabindex=""-1""></div><div class=""ql-tooltip ql-hidden""><a class=""ql-preview"" target=""_blank"" href=""about:blank""></a><input type=""text"" data-formula=""e=mc^2"" data-link=""https://quilljs.com"" data-video=""Embed URL""><a class=""ql-action""></a><a class=""ql-remove""></a></div>","Sverige","Pastöriserad GRÄDDE, syrningskultur.","<div class=""ql-editor"" data-gramm=""false"" contenteditable=""true""><p><span style=""color: rgb(38, 38, 58);"">Per 100 gram:</span></p><p><span style=""color: rgb(38, 38, 58);"">Energi 1300 kJ/310 kcal</span></p><p><span style=""color: rgb(38, 38, 58);"">Fett 32 g</span></p><p><span style=""color: rgb(38, 38, 58);"">-varav mättat fett 20 g</span></p><p><span style=""color: rgb(38, 38, 58);"">Kolhydrat 2.4 g</span></p><p><span style=""color: rgb(38, 38, 58);"">-varav sockerarter 2.4 g</span></p><p><span style=""color: rgb(38, 38, 58);"">Protein 2.4 g</span></p><p><span style=""color: rgb(38, 38, 58);"">Salt 0.1 g</span></p><p><span style=""color: rgb(38, 38, 58);"">Vitamin A 300 µg</span></p></div><div class=""ql-clipboard"" contenteditable=""true"" tabindex=""-1""></div><div class=""ql-tooltip ql-hidden""><a class=""ql-preview"" target=""_blank"" href=""about:blank""></a><input type=""text"" data-formula=""e=mc^2"" data-link=""https://quilljs.com"" data-video=""Embed URL""><a class=""ql-action""></a><a class=""ql-remove""></a></div>","Förvaras kyld vid högst 8°C","<div class=""ql-editor"" data-gramm=""false"" contenteditable=""true""><p>Livshem har ambitionen att alltid ge rätt produkt information. Förändringar i produktens innehåll kan ske över tid, kontrollera därför alltid före användning informationen på produktens förpackning.</p></div><div class=""ql-clipboard"" contenteditable=""true"" tabindex=""-1""></div><div class=""ql-tooltip ql-hidden""><a class=""ql-preview"" target=""_blank"" href=""about:blank""></a><input type=""text"" data-formula=""e=mc^2"" data-link=""https://quilljs.com"" data-video=""Embed URL""><a class=""ql-action""></a><a class=""ql-remove""></a></div>","","15,95","","79,75 kr/l","","In Stock","2 dl","","Grädde &  Creme fraiche","Crème Fraiche"
"201","https://livsham2.softwarebyte.co/assets/images/product_image/78553.jpg","Lätt crème fraiche 13%","Mejeri, ost & ägg","Lager","<div class=""ql-editor"" data-gramm=""false"" contenteditable=""true""><p>Arla Köket® Lätt crème fraiche 13% är en syrad grädde med lägre fetthalt, krämig konsistens och frisk syrlig smak. Lätt crème fraiche är mycket användbar i t.ex. grytor, soppor och såser men även i kalla såser och röror eller som ett krämigt tillbehör. Perfekt i potatissallad. Förhöjer smaken och ger fräschör samtidigt som konsistensen blir krämig utan redning. Kokbar. Tillverkas genom syrning av grädde från svenska Arlagårdar. Symbolen med den blågula gräddkannan ga-ranterar 100 procent svensk grädde.</p></div><div class=""ql-clipboard"" contenteditable=""true"" tabindex=""-1""></div><div class=""ql-tooltip ql-hidden""><a class=""ql-preview"" target=""_blank"" href=""about:blank""></a><input type=""text"" data-formula=""e=mc^2"" data-link=""https://quilljs.com"" data-video=""Embed URL""><a class=""ql-action""></a><a class=""ql-remove""></a></div>","Sverige","Pastöriserad GRÄDDE, modifierad majsstärkelse, stabiliseringsmedel (fruktkärnmjöl, pektin), syrningskultur.","<div class=""ql-editor"" data-gramm=""false"" contenteditable=""true""><p><span style=""color: rgb(38, 38, 58);"">Per 100 gram:</span></p><p><span style=""color: rgb(38, 38, 58);"">Energi 600 kJ/150 kcal</span></p><p><span style=""color: rgb(38, 38, 58);"">Fett 13 g</span></p><p><span style=""color: rgb(38, 38, 58);"">-varav mättat fett 8.3 g</span></p><p><span style=""color: rgb(38, 38, 58);"">Kolhydrat 3.9 g</span></p><p><span style=""color: rgb(38, 38, 58);"">-varav sockerarter 3.3 g</span></p><p><span style=""color: rgb(38, 38, 58);"">Protein 3.1 g</span></p><p><span style=""color: rgb(38, 38, 58);"">Salt 0.1 g</span></p></div><div class=""ql-clipboard"" contenteditable=""true"" tabindex=""-1""></div><div class=""ql-tooltip ql-hidden""><a class=""ql-preview"" target=""_blank"" href=""about:blank""></a><input type=""text"" data-formula=""e=mc^2"" data-link=""https://quilljs.com"" data-video=""Embed URL""><a class=""ql-action""></a><a class=""ql-remove""></a></div>","Förvaras kyld vid högst 8°C","<div class=""ql-editor"" data-gramm=""false"" contenteditable=""true""><p>Livshem har ambitionen att alltid ge rätt produkt information. Förändringar i produktens innehåll kan ske över tid, kontrollera därför alltid före användning informationen på produktens förpackning.</p></div><div class=""ql-clipboard"" contenteditable=""true"" tabindex=""-1""></div><div class=""ql-tooltip ql-hidden""><a class=""ql-preview"" target=""_blank"" href=""about:blank""></a><input type=""text"" data-formula=""e=mc^2"" data-link=""https://quilljs.com"" data-video=""Embed URL""><a class=""ql-action""></a><a class=""ql-remove""></a></div>","","33,95","","67,90 kr/l","","In Stock","5 dl","","Grädde &  Creme fraiche","Crème Fraiche"
"202","https://livsham2.softwarebyte.co/assets/images/product_image/1325.jpg","Lätt crème fraiche 13%","Mejeri, ost & ägg","Lager","<div class=""ql-editor"" data-gramm=""false"" contenteditable=""true""><p>Arla Köket® Lätt crème fraiche 13% är en syrad grädde med lägre fetthalt, krämig konsistens och frisk syrlig smak. Lätt crème fraiche är mycket användbar i t.ex. grytor, soppor och såser men även i kalla såser och röror eller som ett krämigt tillbehör. Perfekt i potatissallad. Förhöjer smaken och ger fräschör samtidigt som konsistensen blir krämig utan redning. Kokbar. Tillverkas genom syrning av grädde från svenska Arlagårdar. Symbolen med den blågula gräddkannan garanterar 100 procent svensk grädde.</p></div><div class=""ql-clipboard"" contenteditable=""true"" tabindex=""-1""></div><div class=""ql-tooltip ql-hidden""><a class=""ql-preview"" target=""_blank"" href=""about:blank""></a><input type=""text"" data-formula=""e=mc^2"" data-link=""https://quilljs.com"" data-video=""Embed URL""><a class=""ql-action""></a><a class=""ql-remove""></a></div>","Sverige","Pastöriserad GRÄDDE, modifierad majsstärkelse, stabiliseringsmedel (fruktkärnmjöl, pektin), syrningskultur.","<div class=""ql-editor"" data-gramm=""false"" contenteditable=""true""><p><span style=""color: rgb(38, 38, 58);"">Per 100 gram:</span></p><p><span style=""color: rgb(38, 38, 58);"">Energi 600 kJ/150 kcal</span></p><p><span style=""color: rgb(38, 38, 58);"">Fett 13 g</span></p><p><span style=""color: rgb(38, 38, 58);"">-varav mättat fett 8.3 g</span></p><p><span style=""color: rgb(38, 38, 58);"">Kolhydrat 3.9 g</span></p><p><span style=""color: rgb(38, 38, 58);"">-varav sockerarter 3.3 g</span></p><p><span style=""color: rgb(38, 38, 58);"">Protein 3.1 g</span></p><p><span style=""color: rgb(38, 38, 58);"">Salt 0.1 g</span></p></div><div class=""ql-clipboard"" contenteditable=""true"" tabindex=""-1""></div><div class=""ql-tooltip ql-hidden""><a class=""ql-preview"" target=""_blank"" href=""about:blank""></a><input type=""text"" data-formula=""e=mc^2"" data-link=""https://quilljs.com"" data-video=""Embed URL""><a class=""ql-action""></a><a class=""ql-remove""></a></div>","Förvaras kyld vid högst 8°C","<div class=""ql-editor"" data-gramm=""false"" contenteditable=""true""><p>Livshem har ambitionen att alltid ge rätt produkt information. Förändringar i produktens innehåll kan ske över tid, kontrollera därför alltid före användning informationen på produktens förpackning.</p></div><div class=""ql-clipboard"" contenteditable=""true"" tabindex=""-1""></div><div class=""ql-tooltip ql-hidden""><a class=""ql-preview"" target=""_blank"" href=""about:blank""></a><input type=""text"" data-formula=""e=mc^2"" data-link=""https://quilljs.com"" data-video=""Embed URL""><a class=""ql-action""></a><a class=""ql-remove""></a></div>","","13,95","","69,75 kr/l","","In Stock","2 dl","","Grädde &  Creme fraiche","Crème Fraiche"
"203","https://livsham2.softwarebyte.co/assets/images/product_image/15365.jpg","Crème fraiche 32% Laktosfri","Mejeri, ost & ägg","Lager","<div class=""ql-editor"" data-gramm=""false"" contenteditable=""true""><p>Arla® Laktosfri crème fraiche 32% är en laktosfri syrad grädde med en tydlig karaktär. Gräddig med mild syrlig smak och tjock krämig konsistens. Crème fraiche tillverkas genom syrning av grädde från svenska Arlagårdar. Crème fraiche är mycket användbar i både kall och varm mat. Används i grytor, soppor och såser men även i kalla såser och röror eller som ett krämigt tillbehör. Crème fraiche kan vispas upp till fast konsistens. Symbolen med den blågula gräddkannan garanterar 100 procent svensk grädde.</p></div><div class=""ql-clipboard"" contenteditable=""true"" tabindex=""-1""></div><div class=""ql-tooltip ql-hidden""><a class=""ql-preview"" target=""_blank"" href=""about:blank""></a><input type=""text"" data-formula=""e=mc^2"" data-link=""https://quilljs.com"" data-video=""Embed URL""><a class=""ql-action""></a><a class=""ql-remove""></a></div>","Sverige","Pastöriserad GRÄDDE, laktasenzym, syrningskultur.","<div class=""ql-editor"" data-gramm=""false"" contenteditable=""true""><p><span style=""color: rgb(38, 38, 58);"">Per 100 gram:</span></p><p><span style=""color: rgb(38, 38, 58);"">Energi 1300 kJ/310 kcal</span></p><p><span style=""color: rgb(38, 38, 58);"">Fett 32 g</span></p><p><span style=""color: rgb(38, 38, 58);"">- Varav mättat fett 20 g</span></p><p><span style=""color: rgb(38, 38, 58);"">Kolhydrat 2.5 g</span></p><p><span style=""color: rgb(38, 38, 58);"">- Varav sockerarter 2.4 g</span></p><p><span style=""color: rgb(38, 38, 58);"">Protein 2.4 g</span></p><p><span style=""color: rgb(38, 38, 58);"">Salt 0.1 g</span></p><p><span style=""color: rgb(38, 38, 58);"">Vitamin A 330 </span><span style=""color: rgb(56, 66, 65);"">µg</span></p></div><div class=""ql-clipboard"" contenteditable=""true"" tabindex=""-1""></div><div class=""ql-tooltip ql-hidden""><a class=""ql-preview"" target=""_blank"" href=""about:blank""></a><input type=""text"" data-formula=""e=mc^2"" data-link=""https://quilljs.com"" data-video=""Embed URL""><a class=""ql-action""></a><a class=""ql-remove""></a></div>","Förvaras kyld vid högst 8°C","<div class=""ql-editor"" data-gramm=""false"" contenteditable=""true""><p>Livshem har ambitionen att alltid ge rätt produkt information. Förändringar i produktens innehåll kan ske över tid, kontrollera därför alltid före användning informationen på produktens förpackning.</p></div><div class=""ql-clipboard"" contenteditable=""true"" tabindex=""-1""></div><div class=""ql-tooltip ql-hidden""><a class=""ql-preview"" target=""_blank"" href=""about:blank""></a><input type=""text"" data-formula=""e=mc^2"" data-link=""https://quilljs.com"" data-video=""Embed URL""><a class=""ql-action""></a><a class=""ql-remove""></a></div>","","19,50","","97,50 kr/l","","In Stock","2 dl","","Grädde &  Creme fraiche","Crème Fraiche"
"204","https://livsham2.softwarebyte.co/assets/images/product_image/550.jpg","Lätt crème fraiche 13% laktosfri","Mejeri, ost & ägg","Lager","<div class=""ql-editor"" data-gramm=""false"" contenteditable=""true""><p>Arla® Laktosfri Lätt crème fraiche 13% är en syrad grädde med lägre fetthalt. Den har en syrlig, svagt söt men frisk smak och tjock krämig konsistens. Den tillverkas genom syrning av grädde från svenska Arlagårdar. Laktosfri lätt crème fraiche har samma goda smak- och matlagningsegenskaper som vanlig lätt crème fraiche. Produkten är kokbar och ger en len och krämig konsistens utan redning. Helt enkelt en bra hjälp i din vardagsmatlagning. Använd lätt crème fraiche i mat som grytor, soppor och såser och i kalla såser, röror och potatissallad. Symbolen med den blågula gräddkannan garanterar 100 procent svensk grädde.</p></div><div class=""ql-clipboard"" contenteditable=""true"" tabindex=""-1""></div><div class=""ql-tooltip ql-hidden""><a class=""ql-preview"" target=""_blank"" href=""about:blank""></a><input type=""text"" data-formula=""e=mc^2"" data-link=""https://quilljs.com"" data-video=""Embed URL""><a class=""ql-action""></a><a class=""ql-remove""></a></div>","Sverige","Pastöriserad GRÄDDE, modifierad majsstärkelse, stabiliseringsmedel (fruktkärnmjöl, pektin), laktasenzym, syrningskultur.","<div class=""ql-editor"" data-gramm=""false"" contenteditable=""true""><p><span style=""color: rgb(38, 38, 58);"">Per 100 gram:</span></p><p><span style=""color: rgb(38, 38, 58);"">Energi 600 kJ/150 kcal</span></p><p><span style=""color: rgb(38, 38, 58);"">Fett 13 g</span></p><p><span style=""color: rgb(38, 38, 58);"">- Varav mättat fett 8.3 g</span></p><p><span style=""color: rgb(38, 38, 58);"">Kolhydrat 3.9 g</span></p><p><span style=""color: rgb(38, 38, 58);"">- Varav sockerarter 3.3 g</span></p><p><span style=""color: rgb(38, 38, 58);"">Protein 3.1 g</span></p><p><span style=""color: rgb(38, 38, 58);"">Salt 0.1 g</span></p></div><div class=""ql-clipboard"" contenteditable=""true"" tabindex=""-1""></div><div class=""ql-tooltip ql-hidden""><a class=""ql-preview"" target=""_blank"" href=""about:blank""></a><input type=""text"" data-formula=""e=mc^2"" data-link=""https://quilljs.com"" data-video=""Embed URL""><a class=""ql-action""></a><a class=""ql-remove""></a></div>","Förvaras kyld vid högst 8°C","<div class=""ql-editor"" data-gramm=""false"" contenteditable=""true""><p>Livshem har ambitionen att alltid ge rätt produkt information. Förändringar i produktens innehåll kan ske över tid, kontrollera därför alltid före användning informationen på produktens förpackning.</p></div><div class=""ql-clipboard"" contenteditable=""true"" tabindex=""-1""></div><div class=""ql-tooltip ql-hidden""><a class=""ql-preview"" target=""_blank"" href=""about:blank""></a><input type=""text"" data-formula=""e=mc^2"" data-link=""https://quilljs.com"" data-video=""Embed URL""><a class=""ql-action""></a><a class=""ql-remove""></a></div>","","17,95","","89,75 kr/l","","In Stock","2 dl","","Grädde &  Creme fraiche","Crème Fraiche"
"205","https://livsham2.softwarebyte.co/assets/images/product_image/20469.jpg","Färsk sojadryck naturell","Mejeri, ost & ägg","Lager","<div class=""ql-editor"" data-gramm=""false"" contenteditable=""true""><p>Alpro Soya Original är full av nyttigheter från växtriket, som högkvalitativa sojabönor som malts och blandats för att skapa en härligt len och krämig dryck. Dess subtila smak av sötma ger en bra start på dagen. Lätta upp din frukost genom att använda den tillsammans med dina frukostflingor, i ditt morgonkaffe/te eller som ingrediens i en smoothie.</p></div><div class=""ql-clipboard"" contenteditable=""true"" tabindex=""-1""></div><div class=""ql-tooltip ql-hidden""><a class=""ql-preview"" target=""_blank"" href=""about:blank""></a><input type=""text"" data-formula=""e=mc^2"" data-link=""https://quilljs.com"" data-video=""Embed URL""><a class=""ql-action""></a><a class=""ql-remove""></a></div>","Belgien","SOJABAS (vatten, skalade SOJABÖNOR (8%)), socker, kalciumkarbonat, surhetsreglerande medel (kaliumfosfater), havssalt, stabiliseringsmedel (gellangummi) arom, vitaminer (B2, B12, D2).","<div class=""ql-editor"" data-gramm=""false"" contenteditable=""true""><p><span style=""color: rgb(38, 38, 58);"">Per 100 ml:</span></p><p><span style=""color: rgb(38, 38, 58);"">Energi 162 kJ/39 kcal</span></p><p><span style=""color: rgb(38, 38, 58);"">Fett 1.8 g</span></p><p><span style=""color: rgb(38, 38, 58);"">-varav mättat fett 0.3 g</span></p><p><span style=""color: rgb(38, 38, 58);"">Kolhydrat 2.5 g</span></p><p><span style=""color: rgb(38, 38, 58);"">-varav sockerarter 2.5 g</span></p><p><span style=""color: rgb(38, 38, 58);"">Fiber 0.5 g</span></p><p><span style=""color: rgb(38, 38, 58);"">Protein 3 g</span></p><p><span style=""color: rgb(38, 38, 58);"">Salt 0.08 g</span></p><p><span style=""color: rgb(38, 38, 58);"">Vitamin D 0.75 µg</span></p><p><span style=""color: rgb(38, 38, 58);"">Riboflavin 0.21 mg</span></p><p><span style=""color: rgb(38, 38, 58);"">Vitamin B12 0.38 µg</span></p><p><span style=""color: rgb(38, 38, 58);"">Kalcium 120 mg</span></p></div><div class=""ql-clipboard"" contenteditable=""true"" tabindex=""-1""></div><div class=""ql-tooltip ql-hidden""><a class=""ql-preview"" target=""_blank"" href=""about:blank""></a><input type=""text"" data-formula=""e=mc^2"" data-link=""https://quilljs.com"" data-video=""Embed URL""><a class=""ql-action""></a><a class=""ql-remove""></a></div>","Förvaras oöppnad i rumstemperatur. Serveras bäst kall.","<div class=""ql-editor"" data-gramm=""false"" contenteditable=""true""><p>Livshem har ambitionen att alltid ge rätt produkt information. Förändringar i produktens innehåll kan ske över tid, kontrollera därför alltid före användning informationen på produktens förpackning.</p></div><div class=""ql-clipboard"" contenteditable=""true"" tabindex=""-1""></div><div class=""ql-tooltip ql-hidden""><a class=""ql-preview"" target=""_blank"" href=""about:blank""></a><input type=""text"" data-formula=""e=mc^2"" data-link=""https://quilljs.com"" data-video=""Embed URL""><a class=""ql-action""></a><a class=""ql-remove""></a></div>","","26,95","","26,95 kr/l","","In Stock","1 l","","Växtbaserad mjölk","Sojadryck"
"206","https://livsham2.softwarebyte.co/assets/images/product_image/85169.jpg","Sojadryck Naturell","Mejeri, ost & ägg","Lager","<div class=""ql-editor"" data-gramm=""false"" contenteditable=""true""><p><span style=""color: rgb(45, 45, 45);"">Sojadryck Original, fullspäckad med växtbaserat protein och klimatsmart soja utan negativ inverkan på regnskogen. För att träd är till för att kramas! Alpro Original sojadryck innehåller mängder av växtbaserat protein och har naturligt låg halt mättat fett. Idealisk för bakning men även för söta och kryddstarka maträtter eller i kaffet! Alpro Sojadryck Original är full av nyttigheter från växtriket, som högkvalitativa sojabönor som malts och blandats för att skapa en härligt len och krämig dryck. Soja är ett klimatsmart alternativ och vår odlas utan negativ inverkan på regnskogen. Bra för dig och planeten!</span></p></div><div class=""ql-clipboard"" contenteditable=""true"" tabindex=""-1""></div><div class=""ql-tooltip ql-hidden""><a class=""ql-preview"" target=""_blank"" href=""about:blank""></a><input type=""text"" data-formula=""e=mc^2"" data-link=""https://quilljs.com"" data-video=""Embed URL""><a class=""ql-action""></a><a class=""ql-remove""></a></div>","Belgien","sojabas (vatten, skalade sojabönor (8%)), socker, surhetsreglerande medel (kaliumfosfater), kalciumkarbonat, arom, havssalt, stabiliseringsmedel (gellangummi), vitaminer (B2, B12, D2).","<div class=""ql-editor"" data-gramm=""false"" contenteditable=""true""><p><span style=""color: rgb(38, 38, 58);"">Per 100 ml:</span></p><p><span style=""color: rgb(38, 38, 58);"">Energi 162 kJ/39 kcal</span></p><p><span style=""color: rgb(38, 38, 58);"">Fett 1.8 g</span></p><p><span style=""color: rgb(38, 38, 58);"">-varav mättat fett 0.3 g</span></p><p><span style=""color: rgb(38, 38, 58);"">Kolhydrat 2.5 g</span></p><p><span style=""color: rgb(38, 38, 58);"">-varav sockerarter 2.5 g</span></p><p><span style=""color: rgb(38, 38, 58);"">Fiber 0.5 g</span></p><p><span style=""color: rgb(38, 38, 58);"">Protein 3 g</span></p><p><span style=""color: rgb(38, 38, 58);"">Salt 0.08 g</span></p><p><span style=""color: rgb(38, 38, 58);"">Vitamin D 0.75 µg</span></p><p><span style=""color: rgb(38, 38, 58);"">Riboflavin 0.21 mg</span></p><p><span style=""color: rgb(38, 38, 58);"">Vitamin B12 0.38 µg</span></p><p><span style=""color: rgb(38, 38, 58);"">Kalcium 120 mg</span></p></div><div class=""ql-clipboard"" contenteditable=""true"" tabindex=""-1""></div><div class=""ql-tooltip ql-hidden""><a class=""ql-preview"" target=""_blank"" href=""about:blank""></a><input type=""text"" data-formula=""e=mc^2"" data-link=""https://quilljs.com"" data-video=""Embed URL""><a class=""ql-action""></a><a class=""ql-remove""></a></div>","Förvaras oöppnad i rumstemperatur. Serveras bäst kall.","<div class=""ql-editor"" data-gramm=""false"" contenteditable=""true""><p>Livshem har ambitionen att alltid ge rätt produkt information. Förändringar i produktens innehåll kan ske över tid, kontrollera därför alltid före användning informationen på produktens förpackning.</p></div><div class=""ql-clipboard"" contenteditable=""true"" tabindex=""-1""></div><div class=""ql-tooltip ql-hidden""><a class=""ql-preview"" target=""_blank"" href=""about:blank""></a><input type=""text"" data-formula=""e=mc^2"" data-link=""https://quilljs.com"" data-video=""Embed URL""><a class=""ql-action""></a><a class=""ql-remove""></a></div>","","23,95","","23,95 kr/l","","In Stock","1 l","","Växtbaserad mjölk","Sojadryck"
"207","https://livsham2.softwarebyte.co/assets/images/product_image/43300.jpg","Sojadryck vanilj","Mejeri, ost & ägg","Lager","<div class=""ql-editor"" data-gramm=""false"" contenteditable=""true""><p>Sojadryck vanilj<span style=""color: rgb(45, 45, 45);""> är den perfekta matchen för vår lena sojadryck. En klunk, och du kommer inse att de hör ihop. Vi pratar gärna om fördelarna med att välja växtbaserat. Men ibland handlar det bara om ren njutning. Som just nu. Vanilj är den perfekta partnern till vår lena sojadryck. Från den första klunken vet du att de hör ihop. Dessutom är den 100 % växtbaserad och innehåller mindre socker och mättat fett. Det är så äkta kärlek smakar!</span></p></div><div class=""ql-clipboard"" contenteditable=""true"" tabindex=""-1""></div><div class=""ql-tooltip ql-hidden""><a class=""ql-preview"" target=""_blank"" href=""about:blank""></a><input type=""text"" data-formula=""e=mc^2"" data-link=""https://quilljs.com"" data-video=""Embed URL""><a class=""ql-action""></a><a class=""ql-remove""></a></div>","Belgien","sojabas (vatten, skalade sojabönor (7,8%)), socker, kalciumkarbonat, aromer, havssalt, surhetsreglerande medel (kaliumfosfater), morotsextrakt, stabiliseringsmedel (gellangummi), vitaminer (B2, B12, D2).","<div class=""ql-editor"" data-gramm=""false"" contenteditable=""true""><p><span style=""color: rgb(38, 38, 58);"">Per 100 ml:</span></p><p><span style=""color: rgb(38, 38, 58);"">Energi 24 kJ/57 kcal</span></p><p><span style=""color: rgb(38, 38, 58);"">Fett 1.8 g</span></p><p><span style=""color: rgb(38, 38, 58);"">-varav mättat fett 0.3 g</span></p><p><span style=""color: rgb(38, 38, 58);"">Kolhydrat 6.8 g</span></p><p><span style=""color: rgb(38, 38, 58);"">-varav sockerarter 6.4 g</span></p><p><span style=""color: rgb(38, 38, 58);"">Fiber 0.5 g</span></p><p><span style=""color: rgb(38, 38, 58);"">Protein 3 g</span></p><p><span style=""color: rgb(38, 38, 58);"">Salt 0.14 g</span></p><p><span style=""color: rgb(38, 38, 58);"">Vitamin D 0.75 µg</span></p><p><span style=""color: rgb(38, 38, 58);"">Riboflavin 0.21 mg</span></p><p><span style=""color: rgb(38, 38, 58);"">Vitamin B12 0.38 µg</span></p><p><span style=""color: rgb(38, 38, 58);"">Kalcium 120 mg</span></p></div><div class=""ql-clipboard"" contenteditable=""true"" tabindex=""-1""></div><div class=""ql-tooltip ql-hidden""><a class=""ql-preview"" target=""_blank"" href=""about:blank""></a><input type=""text"" data-formula=""e=mc^2"" data-link=""https://quilljs.com"" data-video=""Embed URL""><a class=""ql-action""></a><a class=""ql-remove""></a></div>","Förvaras oöppnad i rumstemperatur. Serveras bäst kall.","<div class=""ql-editor"" data-gramm=""false"" contenteditable=""true""><p>Livshem har ambitionen att alltid ge rätt produkt information. Förändringar i produktens innehåll kan ske över tid, kontrollera därför alltid före användning informationen på produktens förpackning.</p></div><div class=""ql-clipboard"" contenteditable=""true"" tabindex=""-1""></div><div class=""ql-tooltip ql-hidden""><a class=""ql-preview"" target=""_blank"" href=""about:blank""></a><input type=""text"" data-formula=""e=mc^2"" data-link=""https://quilljs.com"" data-video=""Embed URL""><a class=""ql-action""></a><a class=""ql-remove""></a></div>","","23,95","","23,95 kr/l","","In Stock","1 l","","Växtbaserad mjölk","Sojadryck"
"208","https://livsham2.softwarebyte.co/assets/images/product_image/61220.jpg","Sojadryck Barista","Mejeri, ost & ägg","Lager","<div class=""ql-editor"" data-gramm=""false"" contenteditable=""true""><p><span style=""color: rgb(45, 45, 45);"">Alpro Barista Soyadryck är en mild sojadryck för kaffe och specialkaffe som går utmärkt att skumma. Oavsett hur du avnjuter ditt kaffe – slätt eller skummande, ångade hett eller över isbitar – är Alpros sojadryck med låg sockerhalt perfekt med dina favoritbönor. Innehåller tillsatt kalcium och vitaminer. Förvaras oöppnad i rumstemperatur men avnjuts bäst kall.</span></p></div><div class=""ql-clipboard"" contenteditable=""true"" tabindex=""-1""></div><div class=""ql-tooltip ql-hidden""><a class=""ql-preview"" target=""_blank"" href=""about:blank""></a><input type=""text"" data-formula=""e=mc^2"" data-link=""https://quilljs.com"" data-video=""Embed URL""><a class=""ql-action""></a><a class=""ql-remove""></a></div>","Belgien","SOJABAS [vatten, skalade SOJABÖNOR [8,7%]], extrakt av äpple, surhetsreglerande medel [kaliumfosfater], kalciumkarbonat, havssalt, stabiliseringsmedel [gellangummi], vitaminer [B2, B12, D2].","<div class=""ql-editor"" data-gramm=""false"" contenteditable=""true""><p><span style=""color: rgb(38, 38, 58);"">Per 100 gram:</span></p><p><span style=""color: rgb(38, 38, 58);"">Energi 177 kJ/42 kcal</span></p><p><span style=""color: rgb(38, 38, 58);"">Fett 1.9 g</span></p><p><span style=""color: rgb(38, 38, 58);"">-varav mättat fett 0.3 g</span></p><p><span style=""color: rgb(38, 38, 58);"">Kolhydrat 2.7 g</span></p><p><span style=""color: rgb(38, 38, 58);"">-varav sockerarter 2.5 g</span></p><p><span style=""color: rgb(38, 38, 58);"">Fiber 0.6 g</span></p><p><span style=""color: rgb(38, 38, 58);"">Protein 3.3 g</span></p><p><span style=""color: rgb(38, 38, 58);"">Salt 0.1 g</span></p><p><span style=""color: rgb(38, 38, 58);"">Vitamin D 0.75 µg</span></p><p><span style=""color: rgb(38, 38, 58);"">Riboflavin 0.21 mg</span></p><p><span style=""color: rgb(38, 38, 58);"">Vitamin B12 0.38 µg</span></p><p><span style=""color: rgb(38, 38, 58);"">Kalcium 120 mg</span></p></div><div class=""ql-clipboard"" contenteditable=""true"" tabindex=""-1""></div><div class=""ql-tooltip ql-hidden""><a class=""ql-preview"" target=""_blank"" href=""about:blank""></a><input type=""text"" data-formula=""e=mc^2"" data-link=""https://quilljs.com"" data-video=""Embed URL""><a class=""ql-action""></a><a class=""ql-remove""></a></div>","Förvaras oöppnad i rumstemperatur. Serveras bäst kall.","<div class=""ql-editor"" data-gramm=""false"" contenteditable=""true""><p>Livshem har ambitionen att alltid ge rätt produkt information. Förändringar i produktens innehåll kan ske över tid, kontrollera därför alltid före användning informationen på produktens förpackning.</p></div><div class=""ql-clipboard"" contenteditable=""true"" tabindex=""-1""></div><div class=""ql-tooltip ql-hidden""><a class=""ql-preview"" target=""_blank"" href=""about:blank""></a><input type=""text"" data-formula=""e=mc^2"" data-link=""https://quilljs.com"" data-video=""Embed URL""><a class=""ql-action""></a><a class=""ql-remove""></a></div>","","21,95","","21,95 kr/l","","In Stock","1 l","","Växtbaserad mjölk","Sojadryck"
"209","https://livsham2.softwarebyte.co/assets/images/product_image/90190.jpg","Risdryck","Mejeri, ost & ägg","Lager","<div class=""ql-editor"" data-gramm=""false"" contenteditable=""true""><p><span style=""color: rgb(45, 45, 45);"">Njut av den subtilt söta, lätta smaken av vår Alpro Risdryck Orginal. Och medan du gör det kan det vara skönt att veta att den inte innehåller något tillsatt socker*. Livet kan vara enkelt. Sätt dig ned och häll upp ett iskallt glas Alpro Risdryck och njut av den fräscha smaken och diskreta sötman. Det känns förstås extra bra att veta att den inte innehåller något tillsatt socker. Ris är fantastiskt.</span></p></div><div class=""ql-clipboard"" contenteditable=""true"" tabindex=""-1""></div><div class=""ql-tooltip ql-hidden""><a class=""ql-preview"" target=""_blank"" href=""about:blank""></a><input type=""text"" data-formula=""e=mc^2"" data-link=""https://quilljs.com"" data-video=""Embed URL""><a class=""ql-action""></a><a class=""ql-remove""></a></div>","EU","Risbas (vatten, ris (12,5%)), solrosolja, trikalciumfosfat, havssalt, stabiliseringsmedel (gellangummi), surhetsreglerande medel (kaliumfosfater), vitaminer (B12, D2). Fri från MJÖLK och GLUTEN. Naturlig LAKTOSFRI. (dikaliumfosfat).","<div class=""ql-editor"" data-gramm=""false"" contenteditable=""true""><p><span style=""color: rgb(38, 38, 58);"">Per 100 ml:</span></p><p><span style=""color: rgb(38, 38, 58);"">Energi 200 kJ/47 kcal</span></p><p><span style=""color: rgb(38, 38, 58);"">Fett 1 g</span></p><p><span style=""color: rgb(38, 38, 58);"">-varav mättat fett 0.1 g</span></p><p><span style=""color: rgb(38, 38, 58);"">Kolhydrat 9.5 g</span></p><p><span style=""color: rgb(38, 38, 58);"">-varav sockerarter 3.3 g</span></p><p><span style=""color: rgb(38, 38, 58);"">Fiber 0 g</span></p><p><span style=""color: rgb(38, 38, 58);"">Protein 0.1 g</span></p><p><span style=""color: rgb(38, 38, 58);"">Salt 0.09 g</span></p><p><span style=""color: rgb(38, 38, 58);"">Vitamin D 0.75 µg</span></p><p><span style=""color: rgb(38, 38, 58);"">Vitamin B12 0.38 µg</span></p><p><span style=""color: rgb(38, 38, 58);"">Kalcium 120 mg</span></p></div><div class=""ql-clipboard"" contenteditable=""true"" tabindex=""-1""></div><div class=""ql-tooltip ql-hidden""><a class=""ql-preview"" target=""_blank"" href=""about:blank""></a><input type=""text"" data-formula=""e=mc^2"" data-link=""https://quilljs.com"" data-video=""Embed URL""><a class=""ql-action""></a><a class=""ql-remove""></a></div>","Förvaras oöppnad i rumstemperatur. Serveras bäst kall.","<div class=""ql-editor"" data-gramm=""false"" contenteditable=""true""><p>Livshem har ambitionen att alltid ge rätt produkt information. Förändringar i produktens innehåll kan ske över tid, kontrollera därför alltid före användning informationen på produktens förpackning.</p></div><div class=""ql-clipboard"" contenteditable=""true"" tabindex=""-1""></div><div class=""ql-tooltip ql-hidden""><a class=""ql-preview"" target=""_blank"" href=""about:blank""></a><input type=""text"" data-formula=""e=mc^2"" data-link=""https://quilljs.com"" data-video=""Embed URL""><a class=""ql-action""></a><a class=""ql-remove""></a></div>","","28,95","","28,95 kr/l","","In Stock","1 l","","Växtbaserad mjölk","Risdryck"
"210","https://livsham2.softwarebyte.co/assets/images/product_image/51981.jpg","Coca-Cola Zero","Dryck","Lager","<div class=""ql-editor"" data-gramm=""false"" contenteditable=""true""><p><strong>+2kr pant tillkommer. </strong></p><p><br></p><p>Coca-Cola zero sugar �r en ny f�rb�ttrad sockerfri Coca-Cola som ser ut och smakar mer likt originalet. Coca-Cola zero sugar bjuder p� Great Coke taste, zero sugar, zero calories - full Coca-Cola smak, utan socker, utan kalorier. KOLSYRAD L�SKEDRYCK UTAN B�DE SOCKER OCH KALORIER. INNEH�LLER S�TNINGSMEDEL. � Great Coke taste � Inget socker � Inga kalorier � Produkten �r vegansk � GMO-fri och fri fr�n de 14 lagstadgade livsmedelsallergenerna � En k�lla till aminosyran fenylalanin Serveras v�l kyld. Producerad i Jordbro utanf�r Stockholm. 150cl PET-flaska</p></div><div class=""ql-clipboard"" contenteditable=""true"" tabindex=""-1""></div><div class=""ql-tooltip ql-hidden""><a class=""ql-preview"" target=""_blank"" href=""about:blank""></a><input type=""text"" data-formula=""e=mc^2"" data-link=""https://quilljs.com"" data-video=""Embed URL""><a class=""ql-action""></a><a class=""ql-remove""></a></div>","Sverige","Ingredienser: Kolsyrat vatten, f�rg�mne (E150d), surhetsreglerande medel (E338, E331), s�tningsmedel (aspartam, acesulfam K), naturliga aromer, arom koffein. Inneh�ller en k�lla till fenylalanin.","<div class=""ql-editor"" data-gramm=""false"" contenteditable=""true""><p><span style=""color: rgb(38, 38, 58);"">Per 100 ml:</span></p><p><span style=""color: rgb(38, 38, 58);"">Energi 1.4 kJ/0.3 kcal</span></p><p><span style=""color: rgb(38, 38, 58);"">Fett 0 g</span></p><p><span style=""color: rgb(38, 38, 58);"">-varav m�ttat fett 0 g</span></p><p><span style=""color: rgb(38, 38, 58);"">Kolhydrat 0 g</span></p><p><span style=""color: rgb(38, 38, 58);"">-varav sockerarter 0 g</span></p><p><span style=""color: rgb(38, 38, 58);"">Protein 0 g</span></p><p><span style=""color: rgb(38, 38, 58);"">Salt 0.02 g</span></p></div><div class=""ql-clipboard"" contenteditable=""true"" tabindex=""-1""></div><div class=""ql-tooltip ql-hidden""><a class=""ql-preview"" target=""_blank"" href=""about:blank""></a><input type=""text"" data-formula=""e=mc^2"" data-link=""https://quilljs.com"" data-video=""Embed URL""><a class=""ql-action""></a><a class=""ql-remove""></a></div>","F�rvaras i rumstemperatur. Serveras b�st kall.","<div class=""ql-editor"" data-gramm=""false"" contenteditable=""true""><p>Livshem har ambitionen att alltid ge r�tt produkt information. F�r�ndringar i produktens inneh�ll kan ske �ver tid, kontrollera d�rf�r alltid f�re anv�ndning informationen p� produktens f�rpackning.</p></div><div class=""ql-clipboard"" contenteditable=""true"" tabindex=""-1""></div><div class=""ql-tooltip ql-hidden""><a class=""ql-preview"" target=""_blank"" href=""about:blank""></a><input type=""text"" data-formula=""e=mc^2"" data-link=""https://quilljs.com"" data-video=""Embed URL""><a class=""ql-action""></a><a class=""ql-remove""></a></div>","","1895","","12,63 kr/l","2","In Stock","1,5 l","","L�sk","Stor läsk"
"211","https://livsham2.softwarebyte.co/assets/images/product_image/79003.jpg","Coca-Cola","Dryck","Lager","<div class=""ql-editor"" data-gramm=""false"" contenteditable=""true""><p><strong>+2kr pant tillkommer. </strong></p><p><br></p><p>Coca-Cola classic �r v�rldens mest v�lk�nda och �lskade l�skedryck. Coca-Cola har en l�ng historia och har varit en h�gt uppskattad dryck hos folk v�rlden �ver sedan den skapades av apotekaren Dr. John Pemberton i Atlanta i USA 1886. Sedan 1886 har drycken s�lts som en t�rstsl�ckare som passar alla och 98 procent av jordens befolkning k�nner till varum�rket. Coca-Cola finns idag i drygt 200 l�nder och i Sverige lanserades den 1953. KOLSYRAD L�SKEDRYCK � Original taste since 1886 � Bara naturliga aromer � Inga konserveringsmedel � Produkten �r vegansk � GMO-fri � Fri fr�n de 14 lagstadgade livsmedelsallergenerna Serveras v�l kyld f�r maximal njutning. 150cl PET-flaska</p></div><div class=""ql-clipboard"" contenteditable=""true"" tabindex=""-1""></div><div class=""ql-tooltip ql-hidden""><a class=""ql-preview"" target=""_blank"" href=""about:blank""></a><input type=""text"" data-formula=""e=mc^2"" data-link=""https://quilljs.com"" data-video=""Embed URL""><a class=""ql-action""></a><a class=""ql-remove""></a></div>","Sverige","Ingredienser: Kolsyrat vatten, socker, f�rg�mne (E150d), syra (E338), naturliga aromer, arom koffein.","<div class=""ql-editor"" data-gramm=""false"" contenteditable=""true""><p><span style=""color: rgb(38, 38, 58);"">Per 100 ml:</span></p><p><span style=""color: rgb(38, 38, 58);"">Energi 180 kJ/42 kcal</span></p><p><span style=""color: rgb(38, 38, 58);"">Fett 0 g</span></p><p><span style=""color: rgb(38, 38, 58);"">-varav m�ttat fett 0 g</span></p><p><span style=""color: rgb(38, 38, 58);"">Kolhydrat 10.6 g</span></p><p><span style=""color: rgb(38, 38, 58);"">-varav sockerarter 10.6 g</span></p><p><span style=""color: rgb(38, 38, 58);"">Protein 0 g</span></p><p><span style=""color: rgb(38, 38, 58);"">Salt 0 g</span></p></div><div class=""ql-clipboard"" contenteditable=""true"" tabindex=""-1""></div><div class=""ql-tooltip ql-hidden""><a class=""ql-preview"" target=""_blank"" href=""about:blank""></a><input type=""text"" data-formula=""e=mc^2"" data-link=""https://quilljs.com"" data-video=""Embed URL""><a class=""ql-action""></a><a class=""ql-remove""></a></div>","F�rvaras o�ppnad i rumstemperatur. Serveras b�st kall.","<div class=""ql-editor"" data-gramm=""false"" contenteditable=""true""><p>Livshem har ambitionen att alltid ge r�tt produkt information. F�r�ndringar i produktens inneh�ll kan ske �ver tid, kontrollera d�rf�r alltid f�re anv�ndning informationen p� produktens f�rpackning.</p></div><div class=""ql-clipboard"" contenteditable=""true"" tabindex=""-1""></div><div class=""ql-tooltip ql-hidden""><a class=""ql-preview"" target=""_blank"" href=""about:blank""></a><input type=""text"" data-formula=""e=mc^2"" data-link=""https://quilljs.com"" data-video=""Embed URL""><a class=""ql-action""></a><a class=""ql-remove""></a></div>","","1895","","12,63 kr/l","2","In Stock","1,5 l","","L�sk","Stor läsk"
"212","https://livsham2.softwarebyte.co/assets/images/product_image/90694.jpg","Coca-Cola 20-pack","Dryck","Lager","<div class=""ql-editor"" data-gramm=""false"" contenteditable=""true""><p><strong>+20kr pant tillkommer. </strong></p><p><br></p></div><div class=""ql-clipboard"" contenteditable=""true"" tabindex=""-1""></div><div class=""ql-tooltip ql-hidden""><a class=""ql-preview"" target=""_blank"" href=""about:blank""></a><input type=""text"" data-formula=""e=mc^2"" data-link=""https://quilljs.com"" data-video=""Embed URL""><a class=""ql-action""></a><a class=""ql-remove""></a></div>","Sverige","Ingredienser: Kolsyrat vatten, socker, f�rg�mne (E150d), syra (E338), naturliga aromer, arom koffein.","<div class=""ql-editor"" data-gramm=""false"" contenteditable=""true""><p><span style=""color: rgb(38, 38, 58);"">Per 100 ml:</span></p><p><span style=""color: rgb(38, 38, 58);"">Energi 1.4 kJ/0.3 kcal</span></p><p><span style=""color: rgb(38, 38, 58);"">Fett 0 g</span></p><p><span style=""color: rgb(38, 38, 58);"">-varav m�ttat fett 0 g</span></p><p><span style=""color: rgb(38, 38, 58);"">Kolhydrat 0 g</span></p><p><span style=""color: rgb(38, 38, 58);"">-varav sockerarter 0 g</span></p><p><span style=""color: rgb(38, 38, 58);"">Protein 0 g</span></p><p><span style=""color: rgb(38, 38, 58);"">Salt 0.02 g</span></p></div><div class=""ql-clipboard"" contenteditable=""true"" tabindex=""-1""></div><div class=""ql-tooltip ql-hidden""><a class=""ql-preview"" target=""_blank"" href=""about:blank""></a><input type=""text"" data-formula=""e=mc^2"" data-link=""https://quilljs.com"" data-video=""Embed URL""><a class=""ql-action""></a><a class=""ql-remove""></a></div>","F�rvaras o�ppnad i rumstemperatur. Serveras b�st kall.","<div class=""ql-editor"" data-gramm=""false"" contenteditable=""true""><p>Livshem har ambitionen att alltid ge r�tt produkt information. F�r�ndringar i produktens inneh�ll kan ske �ver tid, kontrollera d�rf�r alltid f�re anv�ndning informationen p� produktens f�rpackning.</p></div><div class=""ql-clipboard"" contenteditable=""true"" tabindex=""-1""></div><div class=""ql-tooltip ql-hidden""><a class=""ql-preview"" target=""_blank"" href=""about:blank""></a><input type=""text"" data-formula=""e=mc^2"" data-link=""https://quilljs.com"" data-video=""Embed URL""><a class=""ql-action""></a><a class=""ql-remove""></a></div>","","10","","15,00 kr/l","2","In Stock","20x33 cl","","L�sk","Multipack läsk"
"213","https://livsham2.softwarebyte.co/assets/images/product_image/4972.jpg","Coca-Cola Zero 20-pack","Dryck","Lager","<div class=""ql-editor"" data-gramm=""false"" contenteditable=""true""><p><strong>+20kr pant tillkommer. </strong></p><p><br></p></div><div class=""ql-clipboard"" contenteditable=""true"" tabindex=""-1""></div><div class=""ql-tooltip ql-hidden""><a class=""ql-preview"" target=""_blank"" href=""about:blank""></a><input type=""text"" data-formula=""e=mc^2"" data-link=""https://quilljs.com"" data-video=""Embed URL""><a class=""ql-action""></a><a class=""ql-remove""></a></div>","Sverige","Ingredienser: Kolsyrat vatten, f�rg�mne (E150d), surhetsreglerande medel (E338, E331), s�tningsmedel (aspartam, acesulfam K), naturliga aromer, arom koffein. Inneh�ller en k�lla till fenylalanin.","<div class=""ql-editor"" data-gramm=""false"" contenteditable=""true""><p><span style=""color: rgb(38, 38, 58);"">Per 100 ml:</span></p><p><span style=""color: rgb(38, 38, 58);"">Energi 1.4 kJ/0.3 kcal</span></p><p><span style=""color: rgb(38, 38, 58);"">Fett 0 g</span></p><p><span style=""color: rgb(38, 38, 58);"">-varav m�ttat fett 0 g</span></p><p><span style=""color: rgb(38, 38, 58);"">Kolhydrat 0 g</span></p><p><span style=""color: rgb(38, 38, 58);"">-varav sockerarter 0 g</span></p><p><span style=""color: rgb(38, 38, 58);"">Protein 0 g</span></p><p><span style=""color: rgb(38, 38, 58);"">Salt 0.02 g</span></p></div><div class=""ql-clipboard"" contenteditable=""true"" tabindex=""-1""></div><div class=""ql-tooltip ql-hidden""><a class=""ql-preview"" target=""_blank"" href=""about:blank""></a><input type=""text"" data-formula=""e=mc^2"" data-link=""https://quilljs.com"" data-video=""Embed URL""><a class=""ql-action""></a><a class=""ql-remove""></a></div>","","<div class=""ql-editor"" data-gramm=""false"" contenteditable=""true""><p>Livshem har ambitionen att alltid ge r�tt produkt information. F�r�ndringar i produktens inneh�ll kan ske �ver tid, kontrollera d�rf�r alltid f�re anv�ndning informationen p� produktens f�rpackning.</p></div><div class=""ql-clipboard"" contenteditable=""true"" tabindex=""-1""></div><div class=""ql-tooltip ql-hidden""><a class=""ql-preview"" target=""_blank"" href=""about:blank""></a><input type=""text"" data-formula=""e=mc^2"" data-link=""https://quilljs.com"" data-video=""Embed URL""><a class=""ql-action""></a><a class=""ql-remove""></a></div>","","9900","","15,00 kr/l","2","In Stock","20x33 cl","","L�sk","Multipack läsk"
"214","https://livsham2.softwarebyte.co/assets/images/product_image/31584.jpg","Coca-Cola Light","Dryck","Lager","<div class=""ql-editor"" data-gramm=""false"" contenteditable=""true""><p><strong>+2kr pant tillkommer.&nbsp;</strong></p></div><div class=""ql-clipboard"" contenteditable=""true"" tabindex=""-1""></div><div class=""ql-tooltip ql-hidden""><a class=""ql-preview"" target=""_blank"" href=""about:blank""></a><input type=""text"" data-formula=""e=mc^2"" data-link=""https://quilljs.com"" data-video=""Embed URL""><a class=""ql-action""></a><a class=""ql-remove""></a></div>","Sverige","Ingredienser: Kolsyrat vatten, f�rg�mne (E150d), surhetsreglerande medel (E338, E339), naturliga aromer, arom koffein. s�tningsmedel (aspartam, acesulfam k), Inneh�ller en k�lla till fenylalanin.","<div class=""ql-editor"" data-gramm=""false"" contenteditable=""true""><p><span style=""color: rgb(38, 38, 58);"">Per 100 ml:</span></p><p><span style=""color: rgb(38, 38, 58);"">Energi 0.9 kJ/0.2 kcal</span></p><p><span style=""color: rgb(38, 38, 58);"">Fett 0 g</span></p><p><span style=""color: rgb(38, 38, 58);"">-varav m�ttat fett 0 g</span></p><p><span style=""color: rgb(38, 38, 58);"">Kolhydrat 0 g</span></p><p><span style=""color: rgb(38, 38, 58);"">-varav sockerarter 0 g</span></p><p><span style=""color: rgb(38, 38, 58);"">Protein 0 g</span></p><p><span style=""color: rgb(38, 38, 58);"">Salt 0 g</span></p></div><div class=""ql-clipboard"" contenteditable=""true"" tabindex=""-1""></div><div class=""ql-tooltip ql-hidden""><a class=""ql-preview"" target=""_blank"" href=""about:blank""></a><input type=""text"" data-formula=""e=mc^2"" data-link=""https://quilljs.com"" data-video=""Embed URL""><a class=""ql-action""></a><a class=""ql-remove""></a></div>","F�rvaras i rumstemperatur. Serveras b�st kall.","<div class=""ql-editor"" data-gramm=""false"" contenteditable=""true""><p>Livshem har ambitionen att alltid ge r�tt produkt information. F�r�ndringar i produktens inneh�ll kan ske �ver tid, kontrollera d�rf�r alltid f�re anv�ndning informationen p� produktens f�rpackning.</p></div><div class=""ql-clipboard"" contenteditable=""true"" tabindex=""-1""></div><div class=""ql-tooltip ql-hidden""><a class=""ql-preview"" target=""_blank"" href=""about:blank""></a><input type=""text"" data-formula=""e=mc^2"" data-link=""https://quilljs.com"" data-video=""Embed URL""><a class=""ql-action""></a><a class=""ql-remove""></a></div>","","1895","","12,63 kr/l","2","In Stock","1,5 l","","L�sk","Stor läsk"
"216","https://livsham2.softwarebyte.co/assets/images/product_image/255.jpg","Coca-Cola vanilj","Dryck","Lager","<div class=""ql-editor"" data-gramm=""false"" contenteditable=""true""><p><strong>+1kr pant tillkommer.&nbsp;</strong></p></div><div class=""ql-clipboard"" contenteditable=""true"" tabindex=""-1""></div><div class=""ql-tooltip ql-hidden""><a class=""ql-preview"" target=""_blank"" href=""about:blank""></a><input type=""text"" data-formula=""e=mc^2"" data-link=""https://quilljs.com"" data-video=""Embed URL""><a class=""ql-action""></a><a class=""ql-remove""></a></div>","Sverige","Kolsyrat vatten, socker, f�rg�mne (E150d), surhetsreglerande medel (E338), naturliga aromer (inkl. koffein).","<div class=""ql-editor"" data-gramm=""false"" contenteditable=""true""><p><span style=""color: rgb(38, 38, 58);"">Per 100 gram:</span></p><p><span style=""color: rgb(38, 38, 58);"">Energi 181 kJ/42 kcal</span></p><p><span style=""color: rgb(38, 38, 58);"">Fett 0 g</span></p><p><span style=""color: rgb(38, 38, 58);"">-varav m�ttat fett 0 g</span></p><p><span style=""color: rgb(38, 38, 58);"">Kolhydrat 10.6 g</span></p><p><span style=""color: rgb(38, 38, 58);"">-varav sockerarter 10.6 g</span></p><p><span style=""color: rgb(38, 38, 58);"">Protein 0 g</span></p><p><span style=""color: rgb(38, 38, 58);"">Salt 0 g</span></p></div><div class=""ql-clipboard"" contenteditable=""true"" tabindex=""-1""></div><div class=""ql-tooltip ql-hidden""><a class=""ql-preview"" target=""_blank"" href=""about:blank""></a><input type=""text"" data-formula=""e=mc^2"" data-link=""https://quilljs.com"" data-video=""Embed URL""><a class=""ql-action""></a><a class=""ql-remove""></a></div>","F�rvaras i rumstemperatur. Serveras b�st kall.","<div class=""ql-editor"" data-gramm=""false"" contenteditable=""true""><p>Livshem har ambitionen att alltid ge r�tt produkt information. F�r�ndringar i produktens inneh�ll kan ske �ver tid, kontrollera d�rf�r alltid f�re anv�ndning informationen p� produktens f�rpackning.</p></div><div class=""ql-clipboard"" contenteditable=""true"" tabindex=""-1""></div><div class=""ql-tooltip ql-hidden""><a class=""ql-preview"" target=""_blank"" href=""about:blank""></a><input type=""text"" data-formula=""e=mc^2"" data-link=""https://quilljs.com"" data-video=""Embed URL""><a class=""ql-action""></a><a class=""ql-remove""></a></div>","","950","","28,79 kr/l","2","In Stock","33 cl","","L�sk","Liten läsk"
"217","https://livsham2.softwarebyte.co/assets/images/product_image/93397.jpg","Coca-Cola cherry","Dryck","Lager","<div class=""ql-editor"" data-gramm=""false"" contenteditable=""true""><p><strong>+1kr pant tillkommer.&nbsp;</strong></p></div><div class=""ql-clipboard"" contenteditable=""true"" tabindex=""-1""></div><div class=""ql-tooltip ql-hidden""><a class=""ql-preview"" target=""_blank"" href=""about:blank""></a><input type=""text"" data-formula=""e=mc^2"" data-link=""https://quilljs.com"" data-video=""Embed URL""><a class=""ql-action""></a><a class=""ql-remove""></a></div>","Sverige","Kolsyrat vatten, socker, f�rg�mne (E150d), surhetsreglerande medel (E338), naturliga aromer (inkl. koffein)","<div class=""ql-editor"" data-gramm=""false"" contenteditable=""true""><p>Per 100 gram:</p><p>Energi 182 kJ/43 kcal</p><p>Fett 0 g</p><p>-varav m�ttat fett 0 g</p><p>Kolhydrat 10.7 g</p><p>-varav sockerarter 10.7 g</p><p>Protein 0 g</p><p>Salt 0 g</p></div><div class=""ql-clipboard"" contenteditable=""true"" tabindex=""-1""></div><div class=""ql-tooltip ql-hidden""><a class=""ql-preview"" target=""_blank"" href=""about:blank""></a><input type=""text"" data-formula=""e=mc^2"" data-link=""https://quilljs.com"" data-video=""Embed URL""><a class=""ql-action""></a><a class=""ql-remove""></a></div>","F�rvaras i rumstemperatur. Serveras b�st kall.","<div class=""ql-editor"" data-gramm=""false"" contenteditable=""true""><p>Livshem har ambitionen att alltid ge r�tt produkt information. F�r�ndringar i produktens inneh�ll kan ske �ver tid, kontrollera d�rf�r alltid f�re anv�ndning informationen p� produktens f�rpackning.</p></div><div class=""ql-clipboard"" contenteditable=""true"" tabindex=""-1""></div><div class=""ql-tooltip ql-hidden""><a class=""ql-preview"" target=""_blank"" href=""about:blank""></a><input type=""text"" data-formula=""e=mc^2"" data-link=""https://quilljs.com"" data-video=""Embed URL""><a class=""ql-action""></a><a class=""ql-remove""></a></div>","","995","","30,15 kr/l","2","In Stock","33 cl","","L�sk","Liten läsk"
"218","https://livsham2.softwarebyte.co/assets/images/product_image/69770.jpg","Fanta Orange","Dryck","Lager","<div class=""ql-editor"" data-gramm=""false"" contenteditable=""true""><p><strong>+2kr pant tillkommer.&nbsp;</strong></p><p><br></p><p>Fanta Orange �r en kolsyrad l�skedryck med apelsinsmak som produceras i Jordbro utanf�r Stockholm. � Fruktjuice � Bara naturliga aromer � Flaskor gjorda av 100% �tervunnen plast (exkl etikett och kork) � Alla f�rpackningar fr�n Fanta �r �tervinningsbara 1,5L PET. Gl�m inte att panta n�r du har druckit klart!</p></div><div class=""ql-clipboard"" contenteditable=""true"" tabindex=""-1""></div><div class=""ql-tooltip ql-hidden""><a class=""ql-preview"" target=""_blank"" href=""about:blank""></a><input type=""text"" data-formula=""e=mc^2"" data-link=""https://quilljs.com"" data-video=""Embed URL""><a class=""ql-action""></a><a class=""ql-remove""></a></div>","Sverige","Kolsyrat vatten, socker, 6% apelsinjuice fr�n koncentrat, surhetsreglerande medel (E330, E296, E331), stabiliseringsmedel (E414, E445), s�tningsmedel (acesulfam K, aspartam, sucralose), naturlig apelsinaROM med andra naturliga aromer, antioxidationsmedel (E300), f�rg�mne (E160a). Inneh�ller en k�lla till FENYLALANIN","<div class=""ql-editor"" data-gramm=""false"" contenteditable=""true""><p>Per 100 gram:</p><p>Energi 137 kJ/32 kcal</p><p>Fett 0 g</p><p>-varav m�ttat fett 0 g</p><p>Kolhydrat 7.7 g</p><p>-varav sockerarter 7.7 g</p><p>Protein 0 g</p><p>Salt 0.01 g</p><p><br></p></div><div class=""ql-clipboard"" contenteditable=""true"" tabindex=""-1""></div><div class=""ql-tooltip ql-hidden""><a class=""ql-preview"" target=""_blank"" href=""about:blank""></a><input type=""text"" data-formula=""e=mc^2"" data-link=""https://quilljs.com"" data-video=""Embed URL""><a class=""ql-action""></a><a class=""ql-remove""></a></div>","F�rvaras i rumstemperatur. Serveras b�st kall.","<div class=""ql-editor"" data-gramm=""false"" contenteditable=""true""><p>Livshem har ambitionen att alltid ge r�tt produkt information. F�r�ndringar i produktens inneh�ll kan ske �ver tid, kontrollera d�rf�r alltid f�re anv�ndning informationen p� produktens f�rpackning.</p></div><div class=""ql-clipboard"" contenteditable=""true"" tabindex=""-1""></div><div class=""ql-tooltip ql-hidden""><a class=""ql-preview"" target=""_blank"" href=""about:blank""></a><input type=""text"" data-formula=""e=mc^2"" data-link=""https://quilljs.com"" data-video=""Embed URL""><a class=""ql-action""></a><a class=""ql-remove""></a></div>","","1895","","12,63 kr/l","2","In Stock","1,5 l","","L�sk","Stor läsk"
"219","https://livsham2.softwarebyte.co/assets/images/product_image/20251.jpg","Fanta Zero Orange","Dryck","Lager","<div class=""ql-editor"" data-gramm=""false"" contenteditable=""true""><p><strong>+2kr pant tillkommer.&nbsp;</strong></p><p><strong><span class=""ql-cursor"">?</span></strong></p><p><span style=""color: rgb(66, 66, 66);"">Fanta Orange Zero Sugar �r en sockerfri kolsyrad l�skedryck med apelsinsmak som produceras i Jordbro utanf�r Stockholm. � Fruktjuice � Bara naturliga aromer � Sockerfri � Flaskor gjorda av 100% �tervunnen plast (exkl etikett och kork) � Alla f�rpackningar fr�n Fanta �r �tervinningsbara Gl�m inte att panta n�r du har druckit klart!</span></p></div><div class=""ql-clipboard"" contenteditable=""true"" tabindex=""-1""></div><div class=""ql-tooltip ql-hidden""><a class=""ql-preview"" target=""_blank"" href=""about:blank""></a><input type=""text"" data-formula=""e=mc^2"" data-link=""https://quilljs.com"" data-video=""Embed URL""><a class=""ql-action""></a><a class=""ql-remove""></a></div>","Sverige","Kolsyrat vatten, apelsinjuice fr�n koncentrat 4%, surhetsreglerande medel (citronsyra, �ppelsyra, natriumcitrat), s�tningsmedel (acesulfame-K, aspartam), naturlig apelsinaROM med andra naturliga aromer, stabiliseringsmedel (akaciagummi, guark�rnmj�l, glycerolestrar av tr�hartser), antioxidationsmedel (askorbinsyra), f�rg�mne (karotener). Inneh�ller en k�lla till FENYLALANIN.","<div class=""ql-editor"" data-gramm=""false"" contenteditable=""true""><p>Per 100 gram:</p><p>Energi 12 kJ/3 kcal</p><p>Fett 0 g</p><p>-varav m�ttat fett 0 g</p><p>Kolhydrat 0.4 g</p><p>-varav sockerarter 0.4 g</p><p>Protein 0 g</p><p>Salt 0.01 g</p></div><div class=""ql-clipboard"" contenteditable=""true"" tabindex=""-1""></div><div class=""ql-tooltip ql-hidden""><a class=""ql-preview"" target=""_blank"" href=""about:blank""></a><input type=""text"" data-formula=""e=mc^2"" data-link=""https://quilljs.com"" data-video=""Embed URL""><a class=""ql-action""></a><a class=""ql-remove""></a></div>","F�rvaras i rumstemperatur. Serveras b�st kall.","<div class=""ql-editor"" data-gramm=""false"" contenteditable=""true""><p>Livshem har ambitionen att alltid ge r�tt produkt information. F�r�ndringar i produktens inneh�ll kan ske �ver tid, kontrollera d�rf�r alltid f�re anv�ndning informationen p� produktens f�rpackning.</p></div><div class=""ql-clipboard"" contenteditable=""true"" tabindex=""-1""></div><div class=""ql-tooltip ql-hidden""><a class=""ql-preview"" target=""_blank"" href=""about:blank""></a><input type=""text"" data-formula=""e=mc^2"" data-link=""https://quilljs.com"" data-video=""Embed URL""><a class=""ql-action""></a><a class=""ql-remove""></a></div>","","1895","","12,63 kr/l","2","In Stock","1,5 l","","L�sk","Stor läsk"
"220","https://livsham2.softwarebyte.co/assets/images/product_image/38531.jpg","Fanta Exotic","Dryck","Lager","<div class=""ql-editor"" data-gramm=""false"" contenteditable=""true""><p><strong>+2kr pant tillkommer.&nbsp;</strong></p><p><br></p><p><span style=""color: rgb(66, 66, 66);"">Fanta Exotic �r en h�rligt kolsyrad l�skedryck med tropisk fruktsmak som produceras i Jordbro utanf�r Stockholm. � Fruktjuice � Bara naturliga aromer � Flaskor gjorda av 100% �tervunnen plast (exkl etikett och kork) � Alla f�rpackningar fr�n Fanta �r �tervinningsbara Gl�m inte att panta n�r du har druckit klart!&nbsp;</span></p></div><div class=""ql-clipboard"" contenteditable=""true"" tabindex=""-1""></div><div class=""ql-tooltip ql-hidden""><a class=""ql-preview"" target=""_blank"" href=""about:blank""></a><input type=""text"" data-formula=""e=mc^2"" data-link=""https://quilljs.com"" data-video=""Embed URL""><a class=""ql-action""></a><a class=""ql-remove""></a></div>","Sverige","Kolsyrat vatten, socker, juice fr�n koncentrat 3% (apelsin 2,6%, passionsfrukt 0,2%, persika 0,2%), citrusextrakt, surhetsreglerande medel (E330), frukt- och v�xtkoncentrat (svartvinb�r, morot, aronia, fl�derb�r, citron, f�rgtistel), naturliga aromer, stabiliseringsmedel (E445, E414).","<div class=""ql-editor"" data-gramm=""false"" contenteditable=""true""><p><span style=""color: rgb(38, 38, 58);"">Per 100 gram:</span></p><p><span style=""color: rgb(38, 38, 58);"">Energi 227 kJ/53 kcal</span></p><p><span style=""color: rgb(38, 38, 58);"">Fett 0 g</span></p><p><span style=""color: rgb(38, 38, 58);"">-varav m�ttat fett 0 g</span></p><p><span style=""color: rgb(38, 38, 58);"">Kolhydrat 13.2 g</span></p><p><span style=""color: rgb(38, 38, 58);"">-varav sockerarter 13.2 g</span></p><p><span style=""color: rgb(38, 38, 58);"">Protein 0 g</span></p><p><span style=""color: rgb(38, 38, 58);"">Salt 0 g</span></p></div><div class=""ql-clipboard"" contenteditable=""true"" tabindex=""-1""></div><div class=""ql-tooltip ql-hidden""><a class=""ql-preview"" target=""_blank"" href=""about:blank""></a><input type=""text"" data-formula=""e=mc^2"" data-link=""https://quilljs.com"" data-video=""Embed URL""><a class=""ql-action""></a><a class=""ql-remove""></a></div>","F�rvaras i rumstemperatur. Serveras b�st kall.","<div class=""ql-editor"" data-gramm=""false"" contenteditable=""true""><p>Livshem har ambitionen att alltid ge r�tt produkt information. F�r�ndringar i produktens inneh�ll kan ske �ver tid, kontrollera d�rf�r alltid f�re anv�ndning informationen p� produktens f�rpackning.</p></div><div class=""ql-clipboard"" contenteditable=""true"" tabindex=""-1""></div><div class=""ql-tooltip ql-hidden""><a class=""ql-preview"" target=""_blank"" href=""about:blank""></a><input type=""text"" data-formula=""e=mc^2"" data-link=""https://quilljs.com"" data-video=""Embed URL""><a class=""ql-action""></a><a class=""ql-remove""></a></div>","","1895","","12,63 kr/l","2","In Stock","1,5 l","","L�sk","Stor läsk"
"222","https://livsham2.softwarebyte.co/assets/images/product_image/31559.jpg","Fanta zero lemon","Dryck","Lager","<div class=""ql-editor"" data-gramm=""false"" contenteditable=""true""><p><strong>+2kr pant tillkommer.&nbsp;</strong></p><p><br></p><p>FANTA Lemon Zero SUGAR �r en sockerfri kolsyrad l�skedryck med citronsmak som produceras i Jordbro utanf�r Stockholm. � Fruktjuice � Bara naturliga aromer � Sockerfri � Flaskor gjorda av 100% �tervunnen plast (exkl etikett och kork) � Alla f�rpackningar fr�n Fanta �r �tervinningsbara 1,5L PET flaska, gjord av 100% �tervunnen plast. Kom ih�g att panta flaskan n�r du har druckit klart!</p></div><div class=""ql-clipboard"" contenteditable=""true"" tabindex=""-1""></div><div class=""ql-tooltip ql-hidden""><a class=""ql-preview"" target=""_blank"" href=""about:blank""></a><input type=""text"" data-formula=""e=mc^2"" data-link=""https://quilljs.com"" data-video=""Embed URL""><a class=""ql-action""></a><a class=""ql-remove""></a></div>","Sverige","Kolsyrat vatten, citronjuice fr�n koncentrat (6%), surhetsreglerande medel (citronsyra, natriumcitrat), s�tningsmedel (aspartam, acesulfam-K, natriumsackarin), konserveringsmedel (kaliumsorbat), stabiliseringsmedel (akaciagummi, glycerolestrar av tr�hartser), antioxidationsmedel (askorbinsyra), naturlig citronaROM med andra naturliga aromer. Inneh�ller en k�lla till FENYLALANIN.","<div class=""ql-editor"" data-gramm=""false"" contenteditable=""true""><p><span style=""color: rgb(38, 38, 58);"">Per 100 gram:</span></p><p><span style=""color: rgb(38, 38, 58);"">Energi 9 kJ/2 kcal</span></p><p><span style=""color: rgb(38, 38, 58);"">Fett 0 g</span></p><p><span style=""color: rgb(38, 38, 58);"">-varav m�ttat fett 0 g</span></p><p><span style=""color: rgb(38, 38, 58);"">Kolhydrat 0.2 g</span></p><p><span style=""color: rgb(38, 38, 58);"">-varav sockerarter 0.2 g</span></p><p><span style=""color: rgb(38, 38, 58);"">Protein 0 g</span></p><p><span style=""color: rgb(38, 38, 58);"">Salt 0.01 g</span></p></div><div class=""ql-clipboard"" contenteditable=""true"" tabindex=""-1""></div><div class=""ql-tooltip ql-hidden""><a class=""ql-preview"" target=""_blank"" href=""about:blank""></a><input type=""text"" data-formula=""e=mc^2"" data-link=""https://quilljs.com"" data-video=""Embed URL""><a class=""ql-action""></a><a class=""ql-remove""></a></div>","F�rvaras i rumstemperatur. Serveras b�st kall.","<div class=""ql-editor"" data-gramm=""false"" contenteditable=""true""><p>Livshem har ambitionen att alltid ge r�tt produkt information. F�r�ndringar i produktens inneh�ll kan ske �ver tid, kontrollera d�rf�r alltid f�re anv�ndning informationen p� produktens f�rpackning.</p></div><div class=""ql-clipboard"" contenteditable=""true"" tabindex=""-1""></div><div class=""ql-tooltip ql-hidden""><a class=""ql-preview"" target=""_blank"" href=""about:blank""></a><input type=""text"" data-formula=""e=mc^2"" data-link=""https://quilljs.com"" data-video=""Embed URL""><a class=""ql-action""></a><a class=""ql-remove""></a></div>","","1895","","12,63 kr/l","2","In Stock","1,5 l","","L�sk","Stor läsk"
"223","https://livsham2.softwarebyte.co/assets/images/product_image/46203.jpg","Fanta Orange 10-pack","Dryck","Lager","<div class=""ql-editor"" data-gramm=""false"" contenteditable=""true""><p><strong>+10kr pant tillkommer.&nbsp;</strong></p><p><br></p><p><span style=""color: rgb(66, 66, 66);"">Fanta Orange �r en kolsyrad l�skedryck med apelsinsmak som produceras i Jordbro utanf�r Stockholm. � Fruktjuice � Bara naturliga aromer � Flaskor gjorda av 100% �tervunnen plast (exkl etikett och kork) � Alla f�rpackningar fr�n Fanta �r �tervinningsbara 33cl 10-pack Burk.</span></p></div><div class=""ql-clipboard"" contenteditable=""true"" tabindex=""-1""></div><div class=""ql-tooltip ql-hidden""><a class=""ql-preview"" target=""_blank"" href=""about:blank""></a><input type=""text"" data-formula=""e=mc^2"" data-link=""https://quilljs.com"" data-video=""Embed URL""><a class=""ql-action""></a><a class=""ql-remove""></a></div>","Sverige","Ingredienser: Kolsyrat vatten, socker, 6% apelsinjuice fr�n koncentrat, syror (E330, E296), stabiliseringsmedel (E414, E445), naturlig apelsinarom med andra naturliga aromer, surhetsreglerande medel (E331), s�tningsmedel (acesulfam K, aspartam, sukralos), antioxidationsmedel (E300), f�rg�mne (E160a). INNEH�LLER EN K�LLA TILL FENYLALANIN.","<div class=""ql-editor"" data-gramm=""false"" contenteditable=""true""><p>Per 100 gram:</p><p>Energi 137 kJ/32 kcal</p><p>Fett 0 g</p><p>-varav m�ttat fett 0 g</p><p>Kolhydrat 7.7 g</p><p>-varav sockerarter 7.7 g</p><p>Protein 0 g</p><p>Salt 0.01 g</p><p><br></p></div><div class=""ql-clipboard"" contenteditable=""true"" tabindex=""-1""></div><div class=""ql-tooltip ql-hidden""><a class=""ql-preview"" target=""_blank"" href=""about:blank""></a><input type=""text"" data-formula=""e=mc^2"" data-link=""https://quilljs.com"" data-video=""Embed URL""><a class=""ql-action""></a><a class=""ql-remove""></a></div>","F�rvaras i rumstemperatur. Serveras b�st kall.","<div class=""ql-editor"" data-gramm=""false"" contenteditable=""true""><p>Livshem har ambitionen att alltid ge r�tt produkt information. F�r�ndringar i produktens inneh�ll kan ske �ver tid, kontrollera d�rf�r alltid f�re anv�ndning informationen p� produktens f�rpackning.</p></div><div class=""ql-clipboard"" contenteditable=""true"" tabindex=""-1""></div><div class=""ql-tooltip ql-hidden""><a class=""ql-preview"" target=""_blank"" href=""about:blank""></a><input type=""text"" data-formula=""e=mc^2"" data-link=""https://quilljs.com"" data-video=""Embed URL""><a class=""ql-action""></a><a class=""ql-remove""></a></div>","","6595","","19,98 kr/l","2","In Stock","10x33 cl","","L�sk","Multipack läsk"
"224","https://livsham2.softwarebyte.co/assets/images/product_image/31500.jpg","Fanta Zero Lemon 10-pack","Dryck","Lager","<div class=""ql-editor"" data-gramm=""false"" contenteditable=""true""><p><strong>+10kr pant tillkommer.&nbsp;</strong></p><p><br></p><p>Fanta Lemon Zero Sugar �r en sockerfri kolsyrad l�skedryck med citronsmak. Fanta Lemon Zero Sugar inneh�ller fruktjuice, bara naturliga aromer och �r 100% sockerfri. Kom ih�g att panta burken n�r du har druckit klart!</p></div><div class=""ql-clipboard"" contenteditable=""true"" tabindex=""-1""></div><div class=""ql-tooltip ql-hidden""><a class=""ql-preview"" target=""_blank"" href=""about:blank""></a><input type=""text"" data-formula=""e=mc^2"" data-link=""https://quilljs.com"" data-video=""Embed URL""><a class=""ql-action""></a><a class=""ql-remove""></a></div>","Sverige","Ingredienser: Kolsyrat vatten, citronjuice fr�n koncentrat (6%), surhetsreglerande medel (E330, E331), s�tningsmedel (aspartam, acesulfam K, natriumsackarin), konserveringsmedel (E202), stabiliseringsmedel (E414, E445), antioxidationsmedel (E300), naturlig citronarom med andra naturliga aromer. INNEH�LLER EN K�LLA TILL FENYLALANIN.","<div class=""ql-editor"" data-gramm=""false"" contenteditable=""true""><p>Per 100 gram:</p><p>Energi 9 kJ/2 kcal</p><p>Fett 0 g</p><p>- Varav m�ttat fett 0 g</p><p>Kolhydrat 0.2 g</p><p>- Varav sockerarter 0.2 g</p><p>Protein 0 g</p><p>Salt 0.01 g</p></div><div class=""ql-clipboard"" contenteditable=""true"" tabindex=""-1""></div><div class=""ql-tooltip ql-hidden""><a class=""ql-preview"" target=""_blank"" href=""about:blank""></a><input type=""text"" data-formula=""e=mc^2"" data-link=""https://quilljs.com"" data-video=""Embed URL""><a class=""ql-action""></a><a class=""ql-remove""></a></div>","F�rvaras i rumstemperatur. Serveras b�st kall.","<div class=""ql-editor"" data-gramm=""false"" contenteditable=""true""><p>Livshem har ambitionen att alltid ge r�tt produkt information. F�r�ndringar i produktens inneh�ll kan ske �ver tid, kontrollera d�rf�r alltid f�re anv�ndning informationen p� produktens f�rpackning.</p></div><div class=""ql-clipboard"" contenteditable=""true"" tabindex=""-1""></div><div class=""ql-tooltip ql-hidden""><a class=""ql-preview"" target=""_blank"" href=""about:blank""></a><input type=""text"" data-formula=""e=mc^2"" data-link=""https://quilljs.com"" data-video=""Embed URL""><a class=""ql-action""></a><a class=""ql-remove""></a></div>","","6595","","19,98 kr/l","2","In Stock","10x33 cl","","L�sk","Multipack läsk"
"225","https://livsham2.softwarebyte.co/assets/images/product_image/39809.jpg","Fanta Orange","Dryck","Lager","<div class=""ql-editor"" data-gramm=""false"" contenteditable=""true""><p><strong>+1kr pant tillkommer.&nbsp;</strong></p><p><br></p><p>Fanta Orange �r en kolsyrad l�skedryck med apelsinsmak som produceras i Jordbro utanf�r Stockholm. � Fruktjuice � Bara naturliga aromer � Flaskor gjorda av 100% �tervunnen plast (exkl etikett och kork) � Alla f�rpackningar fr�n Fanta �r �tervinningsbara 33cl Burk. Gl�m inte att panta n�r du har druckit klart!</p></div><div class=""ql-clipboard"" contenteditable=""true"" tabindex=""-1""></div><div class=""ql-tooltip ql-hidden""><a class=""ql-preview"" target=""_blank"" href=""about:blank""></a><input type=""text"" data-formula=""e=mc^2"" data-link=""https://quilljs.com"" data-video=""Embed URL""><a class=""ql-action""></a><a class=""ql-remove""></a></div>","Sverige","Ingredienser: Kolsyrat vatten, socker, 6% apelsinjuice fr�n koncentrat, syror (E330, E296), stabiliseringsmedel (E414, E445), naturlig apelsinarom med andra naturliga aromer, surhetsreglerande medel (E331), s�tningsmedel (acesulfam K, aspartam, sukralos), antioxidationsmedel (E300), f�rg�mne (E160a). INNEH�LLER EN K�LLA TILL FENYLALANIN.","<div class=""ql-editor"" data-gramm=""false"" contenteditable=""true""><p><span style=""color: rgb(38, 38, 58);"">Per 100 gram:</span></p><p><span style=""color: rgb(38, 38, 58);"">Energi 0.137 kJ/0.32 kcal</span></p><p><span style=""color: rgb(38, 38, 58);"">Fett 0 g</span></p><p><span style=""color: rgb(38, 38, 58);"">-varav m�ttat fett 0 g</span></p><p><span style=""color: rgb(38, 38, 58);"">Kolhydrat 7.7 g</span></p><p><span style=""color: rgb(38, 38, 58);"">-varav sockerarter 7.7 g</span></p><p><span style=""color: rgb(38, 38, 58);"">Protein 0 g</span></p><p><span style=""color: rgb(38, 38, 58);"">Salt 0 .01 g</span></p></div><div class=""ql-clipboard"" contenteditable=""true"" tabindex=""-1""></div><div class=""ql-tooltip ql-hidden""><a class=""ql-preview"" target=""_blank"" href=""about:blank""></a><input type=""text"" data-formula=""e=mc^2"" data-link=""https://quilljs.com"" data-video=""Embed URL""><a class=""ql-action""></a><a class=""ql-remove""></a></div>","","<div class=""ql-editor"" data-gramm=""false"" contenteditable=""true""><p>Livshem har ambitionen att alltid ge r�tt produkt information. F�r�ndringar i produktens inneh�ll kan ske �ver tid, kontrollera d�rf�r alltid f�re anv�ndning informationen p� produktens f�rpackning.</p></div><div class=""ql-clipboard"" contenteditable=""true"" tabindex=""-1""></div><div class=""ql-tooltip ql-hidden""><a class=""ql-preview"" target=""_blank"" href=""about:blank""></a><input type=""text"" data-formula=""e=mc^2"" data-link=""https://quilljs.com"" data-video=""Embed URL""><a class=""ql-action""></a><a class=""ql-remove""></a></div>","","995","","30,15 kr/l","2","In Stock","33 cl","","L�sk","Liten läsk"
"226","https://livsham2.softwarebyte.co/assets/images/product_image/8861.jpg","Fanta Exotic","Dryck","Lager","<div class=""ql-editor"" data-gramm=""false"" contenteditable=""true""><p><strong>+1kr pant tillkommer.&nbsp;</strong></p><p><br></p><p><span style=""color: rgb(66, 66, 66);"">Fanta Exotic �r en h�rligt kolsyrad l�skedryck med tropisk fruktsmak som produceras i Jordbro utanf�r Stockholm. � Fruktjuice � Bara naturliga aromer � Flaskor gjorda av 100% �tervunnen plast (exkl etikett och kork) � Alla f�rpackningar fr�n Fanta �r �tervinningsbara Gl�m inte att panta n�r du har druckit klart!</span></p></div><div class=""ql-clipboard"" contenteditable=""true"" tabindex=""-1""></div><div class=""ql-tooltip ql-hidden""><a class=""ql-preview"" target=""_blank"" href=""about:blank""></a><input type=""text"" data-formula=""e=mc^2"" data-link=""https://quilljs.com"" data-video=""Embed URL""><a class=""ql-action""></a><a class=""ql-remove""></a></div>","Sverige","Ingredienser: Kolsyrat vatten, socker, juice fr�n koncentrat 3 % (apelsin 2,6 %, passionsfrukt 0,2 %, persika 0,2 %), citrusextrakt, syra (E330), frukt- och vegetabilisk koncentrat (svartvinb�r, morot, aronia, fl�derb�r, citron, safflor), naturliga aromer, stabiliseringsmedel (E445, E414).","<div class=""ql-editor"" data-gramm=""false"" contenteditable=""true""><p>Per 100 gram:</p><p>Energi 227 kJ/53 kcal</p><p>Fett 0 g</p><p>-varav m�ttat fett 0 g</p><p>Kolhydrat 13.2 g</p><p>-varav sockerarter 13.2 g</p><p>Protein 0 g</p><p>Salt 0 g</p><p><br></p></div><div class=""ql-clipboard"" contenteditable=""true"" tabindex=""-1""></div><div class=""ql-tooltip ql-hidden""><a class=""ql-preview"" target=""_blank"" href=""about:blank""></a><input type=""text"" data-formula=""e=mc^2"" data-link=""https://quilljs.com"" data-video=""Embed URL""><a class=""ql-action""></a><a class=""ql-remove""></a></div>","F�rvaras i rumstemperatur. Serveras b�st kall.","<div class=""ql-editor"" data-gramm=""false"" contenteditable=""true""><p>Livshem har ambitionen att alltid ge r�tt produkt information. F�r�ndringar i produktens inneh�ll kan ske �ver tid, kontrollera d�rf�r alltid f�re anv�ndning informationen p� produktens f�rpackning.</p></div><div class=""ql-clipboard"" contenteditable=""true"" tabindex=""-1""></div><div class=""ql-tooltip ql-hidden""><a class=""ql-preview"" target=""_blank"" href=""about:blank""></a><input type=""text"" data-formula=""e=mc^2"" data-link=""https://quilljs.com"" data-video=""Embed URL""><a class=""ql-action""></a><a class=""ql-remove""></a></div>","","995","","30,15 kr/l","2","In Stock","33 cl","","L�sk","Liten läsk"
"227","https://livsham2.softwarebyte.co/assets/images/product_image/19314.jpg","Fanta Strawberry & Kiwi","Dryck","Lager","<div class=""ql-editor"" data-gramm=""false"" contenteditable=""true""><p><strong>+1kr pant tillkommer.&nbsp;</strong></p><p><br></p><p><span style=""color: rgb(66, 66, 66);""><span class=""ql-cursor"">?</span>Fanta Strawberry &amp; Kiwi �r en h�rligt kolsyrad l�skedryck med smak av jordgubb och kiwi som produceras i Jordbro utanf�r Stockholm. � Fruktjuice � Bara naturliga aromer � Flaskor gjorda av 100% �tervunnen plast (exkl etikett och kork) � Alla f�rpackningar fr�n Fanta �r �tervinningsbara Gl�m inte att panta n�r du har druckit klart!</span></p></div><div class=""ql-clipboard"" contenteditable=""true"" tabindex=""-1""></div><div class=""ql-tooltip ql-hidden""><a class=""ql-preview"" target=""_blank"" href=""about:blank""></a><input type=""text"" data-formula=""e=mc^2"" data-link=""https://quilljs.com"" data-video=""Embed URL""><a class=""ql-action""></a><a class=""ql-remove""></a></div>","Sverige","Ingredienser: Kolsyrat vatten, socker, citronjuice fr�n koncentrat (3%), naturlig kiwiarom med andra naturliga aromer, morot och f�rgtistel koncentrat, surhetsreglerande medel (citronsyra), stabiliseringsmedel (E414, E445).","<div class=""ql-editor"" data-gramm=""false"" contenteditable=""true""><p><span style=""color: rgb(38, 38, 58);"">Per 100 gram:</span></p><p><span style=""color: rgb(38, 38, 58);"">Energi 177 kJ/42 kcal</span></p><p><span style=""color: rgb(38, 38, 58);"">Fett 0 g</span></p><p><span style=""color: rgb(38, 38, 58);"">-varav m�ttat fett 0 g</span></p><p><span style=""color: rgb(38, 38, 58);"">Kolhydrat 10.2 g</span></p><p><span style=""color: rgb(38, 38, 58);"">-varav sockerarter 10.2 g</span></p><p><span style=""color: rgb(38, 38, 58);"">Protein 0 g</span></p><p><span style=""color: rgb(38, 38, 58);"">Salt 0 g</span></p></div><div class=""ql-clipboard"" contenteditable=""true"" tabindex=""-1""></div><div class=""ql-tooltip ql-hidden""><a class=""ql-preview"" target=""_blank"" href=""about:blank""></a><input type=""text"" data-formula=""e=mc^2"" data-link=""https://quilljs.com"" data-video=""Embed URL""><a class=""ql-action""></a><a class=""ql-remove""></a></div>","","<div class=""ql-editor"" data-gramm=""false"" contenteditable=""true""><p>Livshem har ambitionen att alltid ge r�tt produkt information. F�r�ndringar i produktens inneh�ll kan ske �ver tid, kontrollera d�rf�r alltid f�re anv�ndning informationen p� produktens f�rpackning.</p></div><div class=""ql-clipboard"" contenteditable=""true"" tabindex=""-1""></div><div class=""ql-tooltip ql-hidden""><a class=""ql-preview"" target=""_blank"" href=""about:blank""></a><input type=""text"" data-formula=""e=mc^2"" data-link=""https://quilljs.com"" data-video=""Embed URL""><a class=""ql-action""></a><a class=""ql-remove""></a></div>","","995","","30,15 kr/l","2","In Stock","33 cl","","L�sk","Liten läsk"
"228","https://livsham2.softwarebyte.co/assets/images/product_image/39321.jpg","Red Bull energidryck","Dryck","Lager","<div class=""ql-editor"" data-gramm=""false"" contenteditable=""true""><p><strong>+1kr pant tillkommer.&nbsp;</strong></p><p><br></p><p>- Red Bull Energy Drink 250ml. </p><p>- Det speciella receptet f�r Red Bull Energidryck inneh�ller ingredienser av h�gsta kvalitet: koffein, taurin, B-vitaminer, sockerarter, vatten. </p><p>- En burk Red Bull Energidryck 250ml inneh�ller 80mg koffein, ungef�r samma m�ngd som i en kopp kaffe. </p><p>- M�ngden socker i en burk Red Bull Energidryck motsvarar sockerhalten i en lika stor m�ngd �ppel- eller apelsinjuice - 11g per 100ml. </p><p>- Red Bulls burkar �r gjorda av 100% �tervinningsbar aluminium. </p><p>- Livar upp kropp och sinne.  </p><p><br></p><p>RED BULL GER DIG VINGAR I mitten av 1980-talet grundade Dietrich Mateschitz Red Bull, inspirerad av funktionsdrycker fr�n fj�rran �stern. Han utvecklade inte enbart en ny produkt, utan �ven ett unikt marknadsf�ringskoncept och lanserade Red Bull Energidryck den 1:a april, 1987. En helt ny produktkategori f�ddes - energidryck.  </p><p><br></p><p>KONSUMTIONSTILLF�LLEN Red Bulls energidrycker �r uppskattade �ver hela v�rlden av toppidrottare och studenter, under kr�vande arbetsdagar och vid l�nga bilk�rningar.  </p><p><br></p><p>INUTI BURKEN Koffein: Koffein har anv�nts f�r dess stimulerande effekt p� m�nniskokroppen sedan urminnes tider och finns naturligt i �ver 60 v�xter. Koffein har bland annat f�rm�gan att ge en �kad k�nsla av vakenhet och bidrar till att stimulera koncentrationsf�rm�gan. En burk Red Bull Energy Drink 250ml inneh�ller 80mg koffein. Taurin: Taurin �r en aminosyra som utg�r ett naturligt inslag i m�nniskokroppen. Taurin f�rekommer i den dagliga kosten och hj�lper till i flera olika biologiska processer. B-vitaminer: Vitaminer �r livsviktiga mikron�rings�mnen som beh�vs f�r att vi ska kunna uppr�tth�lla v�ra normala kroppsfunktioner. Sockerarter: Sockret i Red Bull Energidryck kommer fr�n sockerbetor. Vatten �r en huvudingrediens i Red Bull.</p><p><br></p><p><strong>�ldersgr�ns 15 �r</strong></p></div><div class=""ql-clipboard"" contenteditable=""true"" tabindex=""-1""></div><div class=""ql-tooltip ql-hidden""><a class=""ql-preview"" target=""_blank"" href=""about:blank""></a><input type=""text"" data-formula=""e=mc^2"" data-link=""https://quilljs.com"" data-video=""Embed URL""><a class=""ql-action""></a><a class=""ql-remove""></a></div>","Sverige","vatten, sackaros, glukos, syra (citronsyra), kolsyra, taurin (0,4 %), surhetsreglerande medel (natriumkarbonater, magnesiumkarbonater), koffein (0,03 %), vitaminer (niacin, pantotensyra, B6, B12), aromer, f�rg�mnen (sockerkul�r, riboflaviner). H�g koffeinhalt. Rekommenderas ej f�r barn och gravida eller ammande kvinnor (32 mg/100 ml)","<div class=""ql-editor"" data-gramm=""false"" contenteditable=""true""><p>Per 100 ml:</p><p>Energi 194 kJ/46 kcal</p><p>Fett 0 g</p><p>- Varav m�ttat fett 0 g</p><p>Kolhydrat 11 g</p><p>- Varav sockerarter 11 g</p><p>Protein 0 g</p><p>Salt 0.1 g</p><p>Vitamin B12 2 �g</p><p>Pantotensyra 2 mg</p><p>Niacin 8 mg</p><p>Vitamin B6 2 mg</p></div><div class=""ql-clipboard"" contenteditable=""true"" tabindex=""-1""></div><div class=""ql-tooltip ql-hidden""><a class=""ql-preview"" target=""_blank"" href=""about:blank""></a><input type=""text"" data-formula=""e=mc^2"" data-link=""https://quilljs.com"" data-video=""Embed URL""><a class=""ql-action""></a><a class=""ql-remove""></a></div>","F�rvaras vid h�gst 25�C. Serveras v�l kyld","<div class=""ql-editor"" data-gramm=""false"" contenteditable=""true""><p>Livshem har ambitionen att alltid ge r�tt produkt information. F�r�ndringar i produktens inneh�ll kan ske �ver tid, kontrollera d�rf�r alltid f�re anv�ndning informationen p� produktens f�rpackning.</p></div><div class=""ql-clipboard"" contenteditable=""true"" tabindex=""-1""></div><div class=""ql-tooltip ql-hidden""><a class=""ql-preview"" target=""_blank"" href=""about:blank""></a><input type=""text"" data-formula=""e=mc^2"" data-link=""https://quilljs.com"" data-video=""Embed URL""><a class=""ql-action""></a><a class=""ql-remove""></a></div>","","1395","","55,80 kr/l","2","In Stock","250 ml","","Sport & energidryck","Red Bull"
"229","https://livsham2.softwarebyte.co/assets/images/product_image/15765.jpg","Red Bull energidryck sockerfri","Dryck","Lager","<div class=""ql-editor"" data-gramm=""false"" contenteditable=""true""><p><strong>+1kr pant tillkommer.&nbsp;</strong></p><p><br></p><p><span style=""color: rgb(65, 66, 65);"">OM PRODUKTEN: - Red Bull Energy Drink Sugarfree 250ml. - Det speciella receptet f�r Red Bull Energidryck Sockefri inneh�ller ingredienser av h�gsta kvalitet: koffein, taurin, B-vitaminer, sukralos &amp; acesulfam K, vatten. - En burk Red Bull Sockerfri Energidryck 250ml inneh�ller 80mg koffein, ungef�r samma m�ngd som i en kopp kaffe. - Red Bulls burkar �r gjorda av 100% �tervinningsbar aluminium. - Livar upp kropp och sinne. RED BULL GER DIG VINGAR I mitten av 1980-talet grundade Dietrich Mateschitz Red Bull, inspirerad av funktionsdrycker fr�n fj�rran �stern. Han utvecklade inte enbart en ny produkt, utan �ven ett unikt marknadsf�ringskoncept och lanserade Red Bull Energidryck den 1:a april, 1987. En helt ny produktkategori f�ddes - energidryck. </span></p><p><br></p><p><span style=""color: rgb(65, 66, 65);"">KONSUMTIONSTILLF�LLEN Red Bulls energidrycker �r uppskattade �ver hela v�rlden av toppidrottare och studenter, under kr�vande arbetsdagar och vid l�nga bilk�rningar. </span></p><p><br></p><p><span style=""color: rgb(65, 66, 65);"">?INUTI BURKEN Koffein: Koffein har anv�nts f�r dess stimulerande effekt p� m�nniskokroppen sedan urminnes tider och finns naturligt i �ver 60 v�xter. Koffein har bland annat f�rm�gan att ge en �kad k�nsla av vakenhet och bidrar till att stimulera koncentrationsf�rm�gan. En burk Red Bull Energy Drink 250ml inneh�ller 80mg koffein. B-vitaminer: Vitaminer �r livsviktiga mikron�rings�mnen som beh�vs f�r att vi ska kunna uppr�tth�lla v�ra normala kroppsfunktioner. Taurin: Taurin �r en aminosyra som utg�r ett naturligt inslag i m�nniskokroppen. Taurin f�rekommer i den dagliga kosten och hj�lper till i flera olika biologiska processer. Sukralos &amp; acesulfam K: Sukralos och acesulfam K tillh�r v�rldens mest testade och v�lanv�nda ers�ttningsmedel f�r socker.Vatten �r en huvudingrediens i Red Bull.</span></p><p><br></p><p><strong>�ldersgr�ns 15 �r</strong></p></div><div class=""ql-clipboard"" contenteditable=""true"" tabindex=""-1""></div><div class=""ql-tooltip ql-hidden""><a class=""ql-preview"" target=""_blank"" href=""about:blank""></a><input type=""text"" data-formula=""e=mc^2"" data-link=""https://quilljs.com"" data-video=""Embed URL""><a class=""ql-action""></a><a class=""ql-remove""></a></div>","Sverige","vatten, syra (citronsyra), kolsyra, taurin (0,4 %), surhetsreglerande medel (natriumkarbonater, magnesiumkarbonater), s�tningsmedel (acesulfam K, aspartam), koffein (0,03 %), vitaminer (niacin, pantotensyra, B6, B12), aromer, f�rtjockningsmedel (xantangummi), f�rg�mnen (sockerkul�r, riboflaviner). Inneh�ller en k�lla till FENYLALANIN. Inneh�ller s�tningsmedel. H�G KOFFEINHALT (32 MG/100 ML) Rekommenderas ej f�r barn, gravida och ammande eller personer k�nsliga f�r koffein.","<div class=""ql-editor"" data-gramm=""false"" contenteditable=""true""><p><span style=""color: rgb(38, 38, 58);"">Per 100 ml:</span></p><p><span style=""color: rgb(38, 38, 58);"">Energi 13 kJ/3 kcal</span></p><p><span style=""color: rgb(38, 38, 58);"">Fett 0 g</span></p><p><span style=""color: rgb(38, 38, 58);"">- Varav m�ttat fett 0 g</span></p><p><span style=""color: rgb(38, 38, 58);"">Kolhydrat 0 g</span></p><p><span style=""color: rgb(38, 38, 58);"">- Varav sockerarter 0 g</span></p><p><span style=""color: rgb(38, 38, 58);"">Protein 0 g</span></p><p><span style=""color: rgb(38, 38, 58);"">Salt 0.1 g</span></p><p><span style=""color: rgb(38, 38, 58);"">Niacin 8 mg</span></p><p><span style=""color: rgb(38, 38, 58);"">Pantotensyra 2 mg</span></p><p><span style=""color: rgb(38, 38, 58);"">Vitamin B6 2 mg</span></p><p><span style=""color: rgb(38, 38, 58);"">Vitamin B12 2 mcg</span></p></div><div class=""ql-clipboard"" contenteditable=""true"" tabindex=""-1""></div><div class=""ql-tooltip ql-hidden""><a class=""ql-preview"" target=""_blank"" href=""about:blank""></a><input type=""text"" data-formula=""e=mc^2"" data-link=""https://quilljs.com"" data-video=""Embed URL""><a class=""ql-action""></a><a class=""ql-remove""></a></div>","F�rvaras vid h�gst 25�C. Serveras v�l kyld","<div class=""ql-editor"" data-gramm=""false"" contenteditable=""true""><p>Livshem har ambitionen att alltid ge r�tt produkt information. F�r�ndringar i produktens inneh�ll kan ske �ver tid, kontrollera d�rf�r alltid f�re anv�ndning informationen p� produktens f�rpackning.</p></div><div class=""ql-clipboard"" contenteditable=""true"" tabindex=""-1""></div><div class=""ql-tooltip ql-hidden""><a class=""ql-preview"" target=""_blank"" href=""about:blank""></a><input type=""text"" data-formula=""e=mc^2"" data-link=""https://quilljs.com"" data-video=""Embed URL""><a class=""ql-action""></a><a class=""ql-remove""></a></div>","","1395","","55,80 kr/l","2","In Stock","250 ml","","Sport & energidryck","Red Bull"
"230","https://livsham2.softwarebyte.co/assets/images/product_image/97569.jpg","Red Bull Energy Drink Blue Edition","Dryck","Lager","<div class=""ql-editor"" data-gramm=""false"" contenteditable=""true""><p><strong>+1kr pant tillkommer.&nbsp;</strong></p><p><br></p><p><span style=""color: rgb(65, 66, 65);"">OM PRODUKTEN: - Red Bull Energy Drink Blue Edition 250ml. - Det speciella receptet f�r Red Bull Energidryck med smak av bl�b�r inneh�ller ingredienser av h�gsta kvalitet: koffein, taurin, B-vitaminer, sockerarter, vatten. - En burk Red Bull Energidryck bl�b�rssmak 250ml inneh�ller 80mg koffein, ungef�r samma m�ngd som i en kopp kaffe. - M�ngden socker i en burk Red Bull Energidryck bl�b�rssmak motsvarar sockerhalten i en lika stor m�ngd �ppel- eller apelsinjuice - 11g per 100ml. - Red Bulls burkar �r gjorda av 100% �tervinningsbar aluminium. - Livar upp kropp och sinne. RED BULL GER DIG VINGAR I mitten av 1980-talet grundade Dietrich Mateschitz Red Bull, inspirerad av funktionsdrycker fr�n fj�rran �stern. Han utvecklade inte enbart en ny produkt, utan �ven ett unikt marknadsf�ringskoncept och lanserade Red Bull Energidryck den 1:a april, 1987. En helt ny produktkategori f�ddes - energidryck. </span></p><p><br></p><p><span style=""color: rgb(65, 66, 65);"">KONSUMTIONSTILLF�LLEN Red Bulls energidrycker �r uppskattade �ver hela v�rlden av toppidrottare och studenter, under kr�vande arbetsdagar och vid l�nga bilk�rningar. </span></p><p><br></p><p><span style=""color: rgb(65, 66, 65);"">INUTI BURKEN Koffein: Koffein har anv�nts f�r dess stimulerande effekt p� m�nniskokroppen sedan urminnes tider och finns naturligt i �ver 60 v�xter. Koffein har bland annat f�rm�gan att ge en �kad k�nsla av vakenhet och bidrar till att stimulera koncentrationsf�rm�gan. En burk Red Bull Energy Drink 250ml inneh�ller 80mg koffein. Taurin: Taurin �r en aminosyra som utg�r ett naturligt inslag i m�nniskokroppen. Taurin f�rekommer i den dagliga kosten och hj�lper till i flera olika biologiska processer. B-vitaminer: Vitaminer �r livsviktiga mikron�rings�mnen som beh�vs f�r att vi ska kunna uppr�tth�lla v�ra normala kroppsfunktioner. Sockerarter: Sockret i Red Bull Energidryck kommer fr�n sockerbetor. Vatten �r en huvudingrediens i Red Bull.</span></p><p><br></p><p><strong>�ldersgr�ns 15 �r</strong></p></div><div class=""ql-clipboard"" contenteditable=""true"" tabindex=""-1""></div><div class=""ql-tooltip ql-hidden""><a class=""ql-preview"" target=""_blank"" href=""about:blank""></a><input type=""text"" data-formula=""e=mc^2"" data-link=""https://quilljs.com"" data-video=""Embed URL""><a class=""ql-action""></a><a class=""ql-remove""></a></div>","�sterrike","Ingredienser: vatten, sackaros, glukos, syra (citronsyra), kolsyra, taurin (0,4 %), surhetsreglerande medel (natriumkarbonater, magnesiumkarbonater), koffein (0,03 %), vitaminer (niacin, pantotensyra, B6, B12), aromer, f�rg�mnen (antocyaner, briljantbl�tt FCF). H�g koffeinhalt. Rekommenderas ej f�r barn och gravida eller ammande kvinnor (32 mg/100 ml). Konsumeras i m�ttliga m�ngder.","<div class=""ql-editor"" data-gramm=""false"" contenteditable=""true""><p>Per 100 ml:</p><p>Energi 195 kJ/46 kcal</p><p>Fett 0 g</p><p>- Varav m�ttat fett 0 g</p><p>Kolhydrat 11 g</p><p>- Varav sockerarter 11 g</p><p>Protein 0 g</p><p>Salt 0.1 g</p><p>Vitamin B12 2 �g</p><p>Pantotensyra 2 mg</p><p>Niacin 8 mg</p><p>Vitamin B6 2 mg</p><p><br></p></div><div class=""ql-clipboard"" contenteditable=""true"" tabindex=""-1""></div><div class=""ql-tooltip ql-hidden""><a class=""ql-preview"" target=""_blank"" href=""about:blank""></a><input type=""text"" data-formula=""e=mc^2"" data-link=""https://quilljs.com"" data-video=""Embed URL""><a class=""ql-action""></a><a class=""ql-remove""></a></div>","F�rvaras vid h�gst 25�C. Serveras v�l kyld","<div class=""ql-editor ql-blank"" data-gramm=""false"" contenteditable=""true""><p><br></p></div><div class=""ql-clipboard"" contenteditable=""true"" tabindex=""-1""></div><div class=""ql-tooltip ql-hidden""><a class=""ql-preview"" target=""_blank"" href=""about:blank""></a><input type=""text"" data-formula=""e=mc^2"" data-link=""https://quilljs.com"" data-video=""Embed URL""><a class=""ql-action""></a><a class=""ql-remove""></a></div>","","1395","","55,80 kr/l","2","In Stock","250 ml","","Sport & energidryck","Red Bull"
"231","https://livsham2.softwarebyte.co/assets/images/product_image/10346.jpg","Red Bull energidryck Summer Edition","Dryck","Lager","<div class=""ql-editor"" data-gramm=""false"" contenteditable=""true""><p><strong>+1kr pant tillkommer.&nbsp;</strong></p><p><br></p><p>OM PRODUKTEN: Red Bull Summer Edition 250ml. Det speciella receptet f�r Red Bull Summer Edition med smak av juneberry inneh�ller ingredienser av h�g kvalitet: koffein, taurin, B-vitaminer, sockerarter,vatten. En burk Red Bull Summer Edition juneberrysmak 250ml inneh�ller 80mg koffein, ungef�r samma m�ngd som i en kopp kaffe. Red Bulls burkar �r gjorda av 100% �tervinningsbar aluminium. Livar upp kropp och sinne. RED BULL GER DIG VIIINGAR: I mitten av 1980-talet grundade Dietrich Mateschitz Red Bull, inspirerad av funktionsdrycker fr�n fj�rran �stern. Han utvecklade inte enbart en ny produkt, utan �ven ett unikt marknadsf�ringskoncept och lanserade Red Bull Energy Drink den 1:a april, 1987. En helt ny produktkategori f�ddes - energidryck. </p><p><br></p><p>KONSUMTIONSTILLF�LLEN: Red Bulls energidrycker �r uppskattade �ver hela v�rlden av toppidrottare och studenter, under kr�vande arbetsdagar och vid l�nga bilk�rningar.</p><p><br></p><p>INUTI BURKEN: Koffein: Koffein har anv�nts f�r dess stimulerande effekt p� m�nniskokroppen sedan urminnes tider och finns naturligt i �ver 60 v�xter. Koffein har bland annat f�rm�gan att ge en �kad k�nsla av vakenhet och bidrar till att stimulera koncentrationsf�rm�gan. En burk Red Bull Energy Drink 250ml inneh�ller 80mg koffein. Taurin: Taurin �r en aminosyra som utg�r ett naturligt inslag i m�nniskokroppen. Taurin f�rekommer i den dagliga kosten och hj�lper till i flera olika biologiska processer. B-vitaminer: Vitaminer �r livsviktiga mikron�rings�mnen som beh�vs f�r att vi ska kunna uppr�tth�lla v�ra normala kroppsfunktioner. Sockerarter: Sockret i Red Bull Energy Drink kommer fr�n sockerbetor. M�ngden socker i en burk Red Bull Energy Drink 250ml motsvarar sockerhalten i en lika stor m�ngd �ppel- eller apelsinjuice - 11g per 100ml. Vatten �r en huvudingrediens i Red Bull.</p><p><br></p><p><strong>�ldersgr�ns 15 �r</strong></p></div><div class=""ql-clipboard"" contenteditable=""true"" tabindex=""-1""></div><div class=""ql-tooltip ql-hidden""><a class=""ql-preview"" target=""_blank"" href=""about:blank""></a><input type=""text"" data-formula=""e=mc^2"" data-link=""https://quilljs.com"" data-video=""Embed URL""><a class=""ql-action""></a><a class=""ql-remove""></a></div>","�sterrike","vatten, sackaros, glukos, syra (citronsyra), kolsyra, taurin (0,4 %), surhetsreglerande medel (natriumcitrater), koffein (0,03 %), vitaminer (niacin, pantotensyra, B6, B12), aromer, f�rg�mnen (antocyaner, briljantbl�tt FCF). H�g koffeinhalt. Rekommenderas ej f�r barn och gravida eller ammande kvinnor (32 mg/100 ml).","<div class=""ql-editor"" data-gramm=""false"" contenteditable=""true""><p><span style=""color: rgb(38, 38, 58);"">Per 100 ml:</span></p><p><span style=""color: rgb(38, 38, 58);"">Energi 191 kJ/45 kcal</span></p><p><span style=""color: rgb(38, 38, 58);"">Fett 0 g</span></p><p><span style=""color: rgb(38, 38, 58);"">- Varav m�ttat fett 0 g</span></p><p><span style=""color: rgb(38, 38, 58);"">Kolhydrat 11 g</span></p><p><span style=""color: rgb(38, 38, 58);"">- Varav sockerarter 11 g</span></p><p><span style=""color: rgb(38, 38, 58);"">Protein 0 g</span></p><p><span style=""color: rgb(38, 38, 58);"">Salt 0.1 g</span></p><p><span style=""color: rgb(38, 38, 58);"">Niacin 8 mg</span></p><p><span style=""color: rgb(38, 38, 58);"">Pantotensyra 2 mg</span></p><p><span style=""color: rgb(38, 38, 58);"">Vitamin B6 2 mg</span></p><p><span style=""color: rgb(38, 38, 58);"">Vitamin B12 2 �g</span></p></div><div class=""ql-clipboard"" contenteditable=""true"" tabindex=""-1""></div><div class=""ql-tooltip ql-hidden""><a class=""ql-preview"" target=""_blank"" href=""about:blank""></a><input type=""text"" data-formula=""e=mc^2"" data-link=""https://quilljs.com"" data-video=""Embed URL""><a class=""ql-action""></a><a class=""ql-remove""></a></div>","F�rvaras vid h�gst 25�C. Serveras v�l kyld","<div class=""ql-editor"" data-gramm=""false"" contenteditable=""true""><p>Livshem har ambitionen att alltid ge r�tt produkt information. F�r�ndringar i produktens inneh�ll kan ske �ver tid, kontrollera d�rf�r alltid f�re anv�ndning informationen p� produktens f�rpackning.</p></div><div class=""ql-clipboard"" contenteditable=""true"" tabindex=""-1""></div><div class=""ql-tooltip ql-hidden""><a class=""ql-preview"" target=""_blank"" href=""about:blank""></a><input type=""text"" data-formula=""e=mc^2"" data-link=""https://quilljs.com"" data-video=""Embed URL""><a class=""ql-action""></a><a class=""ql-remove""></a></div>","","1395","","55,80 kr/l","2","In Stock","250 ml","","Sport & energidryck","Red Bull"
"234","https://livsham2.softwarebyte.co/assets/images/product_image/11052.png","7up Lime sockerfri","Dryck","Lager","<div class=""ql-editor"" data-gramm=""false"" contenteditable=""true""><p><strong>+2kr pant tillkommer.&nbsp;</strong></p><p><br></p><p><span style=""color: rgb(38, 38, 58);"">7UP Free l�sk �r en krispig t�rstsl�ckare med en uppfriskande smak av citron och lime. 7UP Free �r sockefri med ett l�gt inneh�ll av kalorier. Njut av 7UP Frees goda smak tillsammans med din favoritr�tt, n�r du �r p� spr�ng, med v�nner och familj - eller n�r du bara vill ta en stund f�r dig sj�lv och njuta av en uppfriskande l�sk. 7UP Frees burkar och flaskor kan �tervinnas, s� gl�m inte att panta!</span></p></div><div class=""ql-clipboard"" contenteditable=""true"" tabindex=""-1""></div><div class=""ql-tooltip ql-hidden""><a class=""ql-preview"" target=""_blank"" href=""about:blank""></a><input type=""text"" data-formula=""e=mc^2"" data-link=""https://quilljs.com"" data-video=""Embed URL""><a class=""ql-action""></a><a class=""ql-remove""></a></div>","Sverige","Kolsyrat vatten, syra (citronsyra, �ppelsyra), naturlig citron- och limearom, surhetsreglerande medel (natriumcitrat), s�tningsmedel (aspartam, acesulfam K), konserveringsmedel (natriumbensoat).","<div class=""ql-editor"" data-gramm=""false"" contenteditable=""true""><p>Per 100 ml:</p><p>Energi 5 kJ/1 kcal</p><p>Fett 0 g</p><p>-varav m�ttat fett 0 g</p><p>Kolhydrat 0 g</p><p>-varav sockerarter 0 g</p><p>Protein &lt;0.1 g</p><p>Salt 0.05 g</p></div><div class=""ql-clipboard"" contenteditable=""true"" tabindex=""-1""></div><div class=""ql-tooltip ql-hidden""><a class=""ql-preview"" target=""_blank"" href=""about:blank""></a><input type=""text"" data-formula=""e=mc^2"" data-link=""https://quilljs.com"" data-video=""Embed URL""><a class=""ql-action""></a><a class=""ql-remove""></a></div>","F�rvaras i rumstemperatur. Serveras b�st kall.","<div class=""ql-editor"" data-gramm=""false"" contenteditable=""true""><p>Livshem har ambitionen att alltid ge r�tt produkt information. F�r�ndringar i produktens inneh�ll kan ske �ver tid, kontrollera d�rf�r alltid f�re anv�ndning informationen p� produktens f�rpackning.</p></div><div class=""ql-clipboard"" contenteditable=""true"" tabindex=""-1""></div><div class=""ql-tooltip ql-hidden""><a class=""ql-preview"" target=""_blank"" href=""about:blank""></a><input type=""text"" data-formula=""e=mc^2"" data-link=""https://quilljs.com"" data-video=""Embed URL""><a class=""ql-action""></a><a class=""ql-remove""></a></div>","","2095","","13,97 kr/l","2","In Stock","1,5l","","L�sk","Stor läsk"
"235","https://livsham2.softwarebyte.co/assets/images/product_image/8302.jpg","7up Lime","Dryck","Lager","<div class=""ql-editor"" data-gramm=""false"" contenteditable=""true""><p><strong>+2kr pant tillkommer.&nbsp;</strong></p><p><br></p><p><span style=""color: rgb(38, 38, 58);"">7UP �r en l�skedryck med en frisk och fr�sch smak av lemon/lime. 7UP �r en del av Pepsifamiljen och ett stort internationellt och mycket v�lk�nt varum�rke.</span></p><p><span style=""color: rgb(38, 38, 58);"">7UP b�r serveras v�l kyld, g�rna med is. Passar s�v�l till mat och snacks som att avnjutas f�r sig sj�lv. Nu med ca 30% mindre socker.</span></p></div><div class=""ql-clipboard"" contenteditable=""true"" tabindex=""-1""></div><div class=""ql-tooltip ql-hidden""><a class=""ql-preview"" target=""_blank"" href=""about:blank""></a><input type=""text"" data-formula=""e=mc^2"" data-link=""https://quilljs.com"" data-video=""Embed URL""><a class=""ql-action""></a><a class=""ql-remove""></a></div>","Sverige","Kolsyrat vatten, socker, syra (citronsyra, �ppelsyra), naturlig citron- och limearom med andra naturliga aromer, surhetsreglerande medel(natriumcitrat), s�tningsmedel (acesulfam K, sukralos).","<div class=""ql-editor"" data-gramm=""false"" contenteditable=""true""><p><span style=""color: rgb(38, 38, 58);"">Per 100 ml:</span></p><p><span style=""color: rgb(38, 38, 58);"">Energi 82 kJ/19 kcal</span></p><p><span style=""color: rgb(38, 38, 58);"">Fett 0 g</span></p><p><span style=""color: rgb(38, 38, 58);"">-varav m�ttat fett 0 g</span></p><p><span style=""color: rgb(38, 38, 58);"">Kolhydrat 4.7 g</span></p><p><span style=""color: rgb(38, 38, 58);"">-varav sockerarter 4.7 g</span></p><p><span style=""color: rgb(38, 38, 58);"">Protein 0 g</span></p><p><span style=""color: rgb(38, 38, 58);"">Salt 0.04 g</span></p></div><div class=""ql-clipboard"" contenteditable=""true"" tabindex=""-1""></div><div class=""ql-tooltip ql-hidden""><a class=""ql-preview"" target=""_blank"" href=""about:blank""></a><input type=""text"" data-formula=""e=mc^2"" data-link=""https://quilljs.com"" data-video=""Embed URL""><a class=""ql-action""></a><a class=""ql-remove""></a></div>","F�rvaras o�ppnad i rumstemperatur. Serveras b�st kall.","<div class=""ql-editor"" data-gramm=""false"" contenteditable=""true""><p><span style=""color: rgb(33, 37, 41);"">Livshem har ambitionen att alltid ge r�tt produkt information. F�r�ndringar i produktens inneh�ll kan ske �ver tid, kontrollera d�rf�r alltid f�re anv�ndning informationen p� produktens f�rpackning.</span></p></div><div class=""ql-clipboard"" contenteditable=""true"" tabindex=""-1""></div><div class=""ql-tooltip ql-hidden""><a class=""ql-preview"" target=""_blank"" href=""about:blank""></a><input type=""text"" data-formula=""e=mc^2"" data-link=""https://quilljs.com"" data-video=""Embed URL""><a class=""ql-action""></a><a class=""ql-remove""></a></div>","","1995","","13,30 kr/l","2","In Stock","1,5l","","L�sk","Stor läsk"
"236","https://livsham2.softwarebyte.co/assets/images/product_image/98408.jpg","Trocadero","Dryck","Lager","<div class=""ql-editor"" data-gramm=""false"" contenteditable=""true""><p>Trocadero, som lanserades i Sverige i b�rjan av 50-talet, �r en l�sk med en alldeles egen smak och karakt�r. Den speciella smaken �r ett resultat av blandningen apelsin och �pple, en b�de sp�nnande och ovanlig kombination som �r frisk och mycket l�skande.</p></div><div class=""ql-clipboard"" contenteditable=""true"" tabindex=""-1""></div><div class=""ql-tooltip ql-hidden""><a class=""ql-preview"" target=""_blank"" href=""about:blank""></a><input type=""text"" data-formula=""e=mc^2"" data-link=""https://quilljs.com"" data-video=""Embed URL""><a class=""ql-action""></a><a class=""ql-remove""></a></div>","Sverige","Kolsyrat vatten, socker, juice av apelsin och �pple, aromer (bl.a. koffein*), surhetsreglerande medel (citronsyra, fosforsyra), konserveringsmedel kaliumsorbat, f�rg�mne E150d samt antioxidationsmedel askorbinsyra. *Koffeinm�ngd 7,9 mg/100ml f�rdig dryck.","<div class=""ql-editor"" data-gramm=""false"" contenteditable=""true""><p><span style=""color: rgb(38, 38, 58);"">Per 100 ml:</span></p><p><span style=""color: rgb(38, 38, 58);"">Energi 170 kJ/40 kcal</span></p><p><span style=""color: rgb(38, 38, 58);"">Fett &lt;0.5 g</span></p><p><span style=""color: rgb(38, 38, 58);"">-varav m�ttat fett &lt;0.5 g</span></p><p><span style=""color: rgb(38, 38, 58);"">Kolhydrat 9.6 g</span></p><p><span style=""color: rgb(38, 38, 58);"">-varav sockerarter 9.5 g</span></p><p><span style=""color: rgb(38, 38, 58);"">Protein &lt;0.5 g</span></p><p><span style=""color: rgb(38, 38, 58);"">Salt &lt;0.1 g</span></p></div><div class=""ql-clipboard"" contenteditable=""true"" tabindex=""-1""></div><div class=""ql-tooltip ql-hidden""><a class=""ql-preview"" target=""_blank"" href=""about:blank""></a><input type=""text"" data-formula=""e=mc^2"" data-link=""https://quilljs.com"" data-video=""Embed URL""><a class=""ql-action""></a><a class=""ql-remove""></a></div>","F�rvaras o�ppnad i rumstemperatur. Serveras b�st kall.","<div class=""ql-editor"" data-gramm=""false"" contenteditable=""true""><p><span style=""color: rgb(33, 37, 41);"">Livshem har ambitionen att alltid ge r�tt produkt information. F�r�ndringar i produktens inneh�ll kan ske �ver tid, kontrollera d�rf�r alltid f�re anv�ndning informationen p� produktens f�rpackning.</span></p></div><div class=""ql-clipboard"" contenteditable=""true"" tabindex=""-1""></div><div class=""ql-tooltip ql-hidden""><a class=""ql-preview"" target=""_blank"" href=""about:blank""></a><input type=""text"" data-formula=""e=mc^2"" data-link=""https://quilljs.com"" data-video=""Embed URL""><a class=""ql-action""></a><a class=""ql-remove""></a></div>","","895","","27,12 kr/l","2","In Stock","33cl","","L�sk","Liten läsk"
"237","https://livsham2.softwarebyte.co/assets/images/product_image/7925.jpg","Trocadero Zero Sugar","Dryck","Lager","<div class=""ql-editor"" data-gramm=""false"" contenteditable=""true""><p><span style=""color: rgb(58, 58, 58);"">Trocadero, som lanserades i Sverige i b�rjan av 50-talet, �r en l�sk med en alldeles egen smak och karakt�r. Den speciella smaken �r ett resultat av blandningen apelsin och �pple, en b�de sp�nnande och ovanlig kombination som �r frisk och mycket l�skande.</span></p></div><div class=""ql-clipboard"" contenteditable=""true"" tabindex=""-1""></div><div class=""ql-tooltip ql-hidden""><a class=""ql-preview"" target=""_blank"" href=""about:blank""></a><input type=""text"" data-formula=""e=mc^2"" data-link=""https://quilljs.com"" data-video=""Embed URL""><a class=""ql-action""></a><a class=""ql-remove""></a></div>","Sverige","Kolsyrat vatten, juice av apelsin och �pple, aromer (bl.a. koffein*), surhetsreglerande medel (citronsyra, natriumcitrat, fosforsyra), konserveringsmedel kaliumsorbat, s�tningsmedel (aspartam**, acesulfam K), f�rg�mne E150d och antioxidationsmedel askorbinsyra. *Koffeinm�ngd 7,9 mg/100 ml f�rdig dryck. **Inneh�ller en k�lla till FENYLALANIN.","<div class=""ql-editor"" data-gramm=""false"" contenteditable=""true""><p><span style=""color: rgb(38, 38, 58);"">Per 100 ml:</span></p><p><span style=""color: rgb(38, 38, 58);"">Energi 7 kJ/2 kcal</span></p><p><span style=""color: rgb(38, 38, 58);"">Fett 0 g</span></p><p><span style=""color: rgb(38, 38, 58);"">-varav m�ttat fett 0 g</span></p><p><span style=""color: rgb(38, 38, 58);"">Kolhydrat 0 g</span></p><p><span style=""color: rgb(38, 38, 58);"">-varav sockerarter 0 g</span></p><p><span style=""color: rgb(38, 38, 58);"">Protein 0 g</span></p><p><span style=""color: rgb(38, 38, 58);"">Salt 0 g</span></p></div><div class=""ql-clipboard"" contenteditable=""true"" tabindex=""-1""></div><div class=""ql-tooltip ql-hidden""><a class=""ql-preview"" target=""_blank"" href=""about:blank""></a><input type=""text"" data-formula=""e=mc^2"" data-link=""https://quilljs.com"" data-video=""Embed URL""><a class=""ql-action""></a><a class=""ql-remove""></a></div>","F�rvaras o�ppnad i rumstemperatur. Serveras b�st kall.","<div class=""ql-editor"" data-gramm=""false"" contenteditable=""true""><p><span style=""color: rgb(33, 37, 41);"">Livshem har ambitionen att alltid ge r�tt produkt information. F�r�ndringar i produktens inneh�ll kan ske �ver tid, kontrollera d�rf�r alltid f�re anv�ndning informationen p� produktens f�rpackning.</span></p></div><div class=""ql-clipboard"" contenteditable=""true"" tabindex=""-1""></div><div class=""ql-tooltip ql-hidden""><a class=""ql-preview"" target=""_blank"" href=""about:blank""></a><input type=""text"" data-formula=""e=mc^2"" data-link=""https://quilljs.com"" data-video=""Embed URL""><a class=""ql-action""></a><a class=""ql-remove""></a></div>","","895","","27,12 kr/l","2","In Stock","33cl","","L�sk","Liten läsk"
"238","https://livsham2.softwarebyte.co/assets/images/product_image/71874.jpg","Trocadero","Dryck","Lager","<div class=""ql-editor"" data-gramm=""false"" contenteditable=""true""><p><span style=""color: rgb(58, 58, 58);"">Trocadero, som lanserades i Sverige i b�rjan av 50-talet, �r en l�sk med en alldeles egen smak och karakt�r. Den speciella smaken �r ett resultat av blandningen apelsin och �pple, en b�de sp�nnande och ovanlig kombination som �r frisk och mycket l�skande.</span></p></div><div class=""ql-clipboard"" contenteditable=""true"" tabindex=""-1""></div><div class=""ql-tooltip ql-hidden""><a class=""ql-preview"" target=""_blank"" href=""about:blank""></a><input type=""text"" data-formula=""e=mc^2"" data-link=""https://quilljs.com"" data-video=""Embed URL""><a class=""ql-action""></a><a class=""ql-remove""></a></div>","Sverige","Kolsyrat vatten, socker, juice av apelsin och �pple, aromer (bl.a. koffein*), surhetsreglerande medel (citronsyra, fosforsyra), konserveringsmedel (kaliumsorbat), f�rg�mne E150 d (sockerkul�r) samt antioxidationsmedel (askorbinsyra). *Koffeinm�ngd 7,9 mg/100 ml f�rdig dryck.","<div class=""ql-editor"" data-gramm=""false"" contenteditable=""true""><p><span style=""color: rgb(38, 38, 58);"">Per 100 ml:</span></p><p><span style=""color: rgb(38, 38, 58);"">Energi 170 kJ/40 kcal</span></p><p><span style=""color: rgb(38, 38, 58);"">Fett &lt;0.5 g</span></p><p><span style=""color: rgb(38, 38, 58);"">-varav m�ttat fett &lt;0.5 g</span></p><p><span style=""color: rgb(38, 38, 58);"">Kolhydrat 9.6 g</span></p><p><span style=""color: rgb(38, 38, 58);"">-varav sockerarter 9.5 g</span></p><p><span style=""color: rgb(38, 38, 58);"">Protein &lt;0.5 g</span></p><p><span style=""color: rgb(38, 38, 58);"">Salt &lt;0.1 g</span></p></div><div class=""ql-clipboard"" contenteditable=""true"" tabindex=""-1""></div><div class=""ql-tooltip ql-hidden""><a class=""ql-preview"" target=""_blank"" href=""about:blank""></a><input type=""text"" data-formula=""e=mc^2"" data-link=""https://quilljs.com"" data-video=""Embed URL""><a class=""ql-action""></a><a class=""ql-remove""></a></div>","F�rvaras o�ppnad i rumstemperatur. Serveras b�st kall.","<div class=""ql-editor"" data-gramm=""false"" contenteditable=""true""><p><span style=""color: rgb(33, 37, 41);"">Livshem har ambitionen att alltid ge r�tt produkt information. F�r�ndringar i produktens inneh�ll kan ske �ver tid, kontrollera d�rf�r alltid f�re anv�ndning informationen p� produktens f�rpackning.</span></p></div><div class=""ql-clipboard"" contenteditable=""true"" tabindex=""-1""></div><div class=""ql-tooltip ql-hidden""><a class=""ql-preview"" target=""_blank"" href=""about:blank""></a><input type=""text"" data-formula=""e=mc^2"" data-link=""https://quilljs.com"" data-video=""Embed URL""><a class=""ql-action""></a><a class=""ql-remove""></a></div>","","1595","","10,63 kr/l","2","In Stock","1,5l","","L�sk","Stor läsk"
"239","https://livsham2.softwarebyte.co/assets/images/product_image/32759.jpg","Vita bönor i Tomatsås","Skafferi","Lager","<div class=""ql-editor"" data-gramm=""false"" contenteditable=""true""><p>Heinz Vita bönor lanserades redan 1905, bönor är både mättande och dessutom mycket nyttiga. Våra klassiska Heinz Bönor är milt kryddade och tillreds med tomatsås. En standardingrediens både i Chili con carne och en äkta Engelsk frukost, där Heinz Bönor serveras tillsammans med rostat bröd, ägg, bacon och olika sorters korvar.</p></div><div class=""ql-clipboard"" contenteditable=""true"" tabindex=""-1""></div><div class=""ql-tooltip ql-hidden""><a class=""ql-preview"" target=""_blank"" href=""about:blank""></a><input type=""text"" data-formula=""e=mc^2"" data-link=""https://quilljs.com"" data-video=""Embed URL""><a class=""ql-action""></a><a class=""ql-remove""></a></div>","England","Bönor (50%), vatten, tomatpuré (15%), socker, modifierad majsstärkelse, ättika, salt, krydd- och örtextrakt.","<div class=""ql-editor"" data-gramm=""false"" contenteditable=""true""><p>Per 100 gram:</p><p>Energi 339 kJ/81 kcal</p><p>Fett 0.4 g</p><p>-varav mättat fett &lt;0.1 g</p><p>Kolhydrat 15.5 g</p><p>-varav sockerarter 4.3 g</p><p>Kostfiber 3.9 g</p><p>Protein 4.8 g</p><p>Salt 0.6 g</p><p><br></p></div><div class=""ql-clipboard"" contenteditable=""true"" tabindex=""-1""></div><div class=""ql-tooltip ql-hidden""><a class=""ql-preview"" target=""_blank"" href=""about:blank""></a><input type=""text"" data-formula=""e=mc^2"" data-link=""https://quilljs.com"" data-video=""Embed URL""><a class=""ql-action""></a><a class=""ql-remove""></a></div>","","<div class=""ql-editor"" data-gramm=""false"" contenteditable=""true""><p>Livshem har ambitionen att alltid ge rätt produkt information. Förändringar i produktens innehåll kan ske över tid, kontrollera därför alltid före användning informationen på produktens förpackning.</p></div><div class=""ql-clipboard"" contenteditable=""true"" tabindex=""-1""></div><div class=""ql-tooltip ql-hidden""><a class=""ql-preview"" target=""_blank"" href=""about:blank""></a><input type=""text"" data-formula=""e=mc^2"" data-link=""https://quilljs.com"" data-video=""Embed URL""><a class=""ql-action""></a><a class=""ql-remove""></a></div>","","12,95","","31,20 kr/kg","","In Stock","415g","","Konserver & burkar","Bönor & baljväxter"
"240","https://livsham2.softwarebyte.co/assets/images/product_image/49391.jpg","Blandade bönor ekologiska","Skafferi","Lager","<div class=""ql-editor"" data-gramm=""false"" contenteditable=""true""><p><span style=""color: rgb(65, 66, 65);"">Zeta Blandade bönor Ekologiska är en blandning av kidneybönor, stora vita bönor och kikärtor. Passar utmärkt i såväl kalla som varma rätter.</span></p></div><div class=""ql-clipboard"" contenteditable=""true"" tabindex=""-1""></div><div class=""ql-tooltip ql-hidden""><a class=""ql-preview"" target=""_blank"" href=""about:blank""></a><input type=""text"" data-formula=""e=mc^2"" data-link=""https://quilljs.com"" data-video=""Embed URL""><a class=""ql-action""></a><a class=""ql-remove""></a></div>","Italien","Blandade ekologiska bönor i varierande proportion (kidneybönor*, stora vita bönor*, kikärtor*), vatten, salt. *Ekologiskt certifierad ingrediens.","<div class=""ql-editor"" data-gramm=""false"" contenteditable=""true""><p><span style=""color: rgb(38, 38, 58);"">Per 100 gram:</span></p><p><span style=""color: rgb(38, 38, 58);"">Energi 424 kJ/101 kcal</span></p><p><span style=""color: rgb(38, 38, 58);"">Fett 1.1 g</span></p><p><span style=""color: rgb(38, 38, 58);"">-varav mättat fett 0 g</span></p><p><span style=""color: rgb(38, 38, 58);"">Kolhydrat 12 g</span></p><p><span style=""color: rgb(38, 38, 58);"">-varav sockerarter 0.5 g</span></p><p><span style=""color: rgb(38, 38, 58);"">Fiber 6.9 g</span></p><p><span style=""color: rgb(38, 38, 58);"">Protein 7.3 g</span></p><p><span style=""color: rgb(38, 38, 58);"">Salt 0 g</span></p></div><div class=""ql-clipboard"" contenteditable=""true"" tabindex=""-1""></div><div class=""ql-tooltip ql-hidden""><a class=""ql-preview"" target=""_blank"" href=""about:blank""></a><input type=""text"" data-formula=""e=mc^2"" data-link=""https://quilljs.com"" data-video=""Embed URL""><a class=""ql-action""></a><a class=""ql-remove""></a></div>","Innehåll från öppnad förpackning förvaras kylt i burk med tätslutande lock. Förbrukas inom 2 dagar.","<div class=""ql-editor"" data-gramm=""false"" contenteditable=""true""><p>Livshem har ambitionen att alltid ge rätt produkt information. Förändringar i produktens innehåll kan ske över tid, kontrollera därför alltid före användning informationen på produktens förpackning.</p></div><div class=""ql-clipboard"" contenteditable=""true"" tabindex=""-1""></div><div class=""ql-tooltip ql-hidden""><a class=""ql-preview"" target=""_blank"" href=""about:blank""></a><input type=""text"" data-formula=""e=mc^2"" data-link=""https://quilljs.com"" data-video=""Embed URL""><a class=""ql-action""></a><a class=""ql-remove""></a></div>","","16,95","","73,70 kr/kg","","In Stock","380g","","Konserver & burkar","Bönor & baljväxter"
"241","https://livsham2.softwarebyte.co/assets/images/product_image/4457.jpg","Kidneybönor ekologiska","Skafferi","Lager","<div class=""ql-editor"" data-gramm=""false"" contenteditable=""true""><h4>Zeta Kidneybönor Ekologiska har en mild smak och fast konsistens. Passar utmärkt i sallader eller i kryddiga rätter som en chili.</h4></div><div class=""ql-clipboard"" contenteditable=""true"" tabindex=""-1""></div><div class=""ql-tooltip ql-hidden""><a class=""ql-preview"" target=""_blank"" href=""about:blank""></a><input type=""text"" data-formula=""e=mc^2"" data-link=""https://quilljs.com"" data-video=""Embed URL""><a class=""ql-action""></a><a class=""ql-remove""></a></div>","Italien","Ekologiska kidneybönor, vatten, salt.","<div class=""ql-editor"" data-gramm=""false"" contenteditable=""true""><p>per 100 gram:</p><p>Energi 322 kJ, 77 kcal</p><p>Fett 0.6 g</p><p>-Varav mättat fett 0.2 g</p><p>Kolhydrat 6.8 g</p><p>-Varav sockerarter 0.5 g</p><p>Protein 8.1 g</p><p>Salt 0.5 g</p></div><div class=""ql-clipboard"" contenteditable=""true"" tabindex=""-1""></div><div class=""ql-tooltip ql-hidden""><a class=""ql-preview"" target=""_blank"" href=""about:blank""></a><input type=""text"" data-formula=""e=mc^2"" data-link=""https://quilljs.com"" data-video=""Embed URL""><a class=""ql-action""></a><a class=""ql-remove""></a></div>","Innehåll från öppnad förpackning förvaras kylt i burk med tätslutande lock. Förbrukas inom 2 dagar.","<div class=""ql-editor"" data-gramm=""false"" contenteditable=""true""><p>Livshem har ambitionen att alltid ge rätt produkt information. Förändringar i produktens innehåll kan ske över tid, kontrollera därför alltid före användning informationen på produktens förpackning.</p></div><div class=""ql-clipboard"" contenteditable=""true"" tabindex=""-1""></div><div class=""ql-tooltip ql-hidden""><a class=""ql-preview"" target=""_blank"" href=""about:blank""></a><input type=""text"" data-formula=""e=mc^2"" data-link=""https://quilljs.com"" data-video=""Embed URL""><a class=""ql-action""></a><a class=""ql-remove""></a></div>","","16,95","","73,70 kr/kg","","In Stock","380g","","Konserver & burkar","Bönor & baljväxter"
"242","https://livsham2.softwarebyte.co/assets/images/product_image/77151.jpg","Kikärtor ekologiska","Skafferi","Lager","<div class=""ql-editor"" data-gramm=""false"" contenteditable=""true""><h4>Zeta Kikärtor Ekologiska är goda i soppor, sallader, grytor, pastarätter, mixade i en hummus eller som de är, kalla med en smakrik olivolja och lite vinäger.</h4></div><div class=""ql-clipboard"" contenteditable=""true"" tabindex=""-1""></div><div class=""ql-tooltip ql-hidden""><a class=""ql-preview"" target=""_blank"" href=""about:blank""></a><input type=""text"" data-formula=""e=mc^2"" data-link=""https://quilljs.com"" data-video=""Embed URL""><a class=""ql-action""></a><a class=""ql-remove""></a></div>","Italien","Ekologiska kikärtor, vatten, salt.","<div class=""ql-editor"" data-gramm=""false"" contenteditable=""true""><p><span style=""color: rgb(38, 38, 58);"">per 100 g:</span></p><p><span style=""color: rgb(38, 38, 58);"">Energi 446 kJ, 106 kcal</span></p><p><span style=""color: rgb(38, 38, 58);"">Fett 2.8 g</span></p><p><span style=""color: rgb(38, 38, 58);"">-Varav mättat fett 0.4 g</span></p><p><span style=""color: rgb(38, 38, 58);"">Kolhydrat 11.3 g</span></p><p><span style=""color: rgb(38, 38, 58);"">-Varav sockerarter 0.6 g</span></p><p><span style=""color: rgb(38, 38, 58);"">Protein 6.1 g</span></p><p><span style=""color: rgb(38, 38, 58);"">Salt 0.5 g</span></p></div><div class=""ql-clipboard"" contenteditable=""true"" tabindex=""-1""></div><div class=""ql-tooltip ql-hidden""><a class=""ql-preview"" target=""_blank"" href=""about:blank""></a><input type=""text"" data-formula=""e=mc^2"" data-link=""https://quilljs.com"" data-video=""Embed URL""><a class=""ql-action""></a><a class=""ql-remove""></a></div>","Innehåll från öppnad förpackning förvaras kylt i burk med tätslutande lock. Förbrukas inom 2 dagar.","<div class=""ql-editor"" data-gramm=""false"" contenteditable=""true""><p>Livshem har ambitionen att alltid ge rätt produkt information. Förändringar i produktens innehåll kan ske över tid, kontrollera därför alltid före användning informationen på produktens förpackning.</p></div><div class=""ql-clipboard"" contenteditable=""true"" tabindex=""-1""></div><div class=""ql-tooltip ql-hidden""><a class=""ql-preview"" target=""_blank"" href=""about:blank""></a><input type=""text"" data-formula=""e=mc^2"" data-link=""https://quilljs.com"" data-video=""Embed URL""><a class=""ql-action""></a><a class=""ql-remove""></a></div>","","16,95","","73,70 kr/kg","","In Stock","380g","","Konserver & burkar","Bönor & baljväxter"
"243","https://livsham2.softwarebyte.co/assets/images/product_image/16273.jpg","Bruna bönor","Skafferi","Lager","<div class=""ql-editor"" data-gramm=""false"" contenteditable=""true""><h4>GoGreen Svenskodlade Bruna Bönor är en klassiker på de svenska matborden. Tillaga dem traditionellt med sirap och ättika, ha dem som bas i dina vego-biffar eller i en matig sallad. Odlade och packade i Sverige Nyckelhålsmärkt Rika på protein &amp; fiber GoGreens svenska bönor får växa i lugn och ro. Våra odlare vet hur klassiska grödor bäst tas hand om, ofta har de såtts på samma mark sedan generationer, men också hur nya sorter verkligen kommer till sin rätt. Vare sig de är en del av vår matkultur eller något nytt spännande - blott Sverige svenska bönor har.</h4></div><div class=""ql-clipboard"" contenteditable=""true"" tabindex=""-1""></div><div class=""ql-tooltip ql-hidden""><a class=""ql-preview"" target=""_blank"" href=""about:blank""></a><input type=""text"" data-formula=""e=mc^2"" data-link=""https://quilljs.com"" data-video=""Embed URL""><a class=""ql-action""></a><a class=""ql-remove""></a></div>","Sverige","Torkade bruna bönor","<div class=""ql-editor"" data-gramm=""false"" contenteditable=""true""><p>Per 100 gram:</p><p>Energi 1350 kJ/320 kcal</p><p>Fett 1.5 g</p><p>-varav mättat fett 0.2 g</p><p>Kolhydrat 45 g</p><p>-varav sockerarter 4.5 g</p><p>Fiber 16 g</p><p>Protein 22 g</p><p>Salt 0.1 g</p><p><br></p></div><div class=""ql-clipboard"" contenteditable=""true"" tabindex=""-1""></div><div class=""ql-tooltip ql-hidden""><a class=""ql-preview"" target=""_blank"" href=""about:blank""></a><input type=""text"" data-formula=""e=mc^2"" data-link=""https://quilljs.com"" data-video=""Embed URL""><a class=""ql-action""></a><a class=""ql-remove""></a></div>","Torrt, ej över normal rumstemperatur och avskilt från varor med stark lukt.","<div class=""ql-editor"" data-gramm=""false"" contenteditable=""true""><p>Livshem har ambitionen att alltid ge rätt produkt information. Förändringar i produktens innehåll kan ske över tid, kontrollera därför alltid före användning informationen på produktens förpackning.</p></div><div class=""ql-clipboard"" contenteditable=""true"" tabindex=""-1""></div><div class=""ql-tooltip ql-hidden""><a class=""ql-preview"" target=""_blank"" href=""about:blank""></a><input type=""text"" data-formula=""e=mc^2"" data-link=""https://quilljs.com"" data-video=""Embed URL""><a class=""ql-action""></a><a class=""ql-remove""></a></div>","","24,50","","49,00 kr/kg","","In Stock","500g","","Konserver & burkar","Bönor & baljväxter"
"244","https://livsham2.softwarebyte.co/assets/images/product_image/4062.jpg","Vita bönor i Tomatsås","Skafferi","Lager","<div class=""ql-editor"" data-gramm=""false"" contenteditable=""true""><h4>Vita bönor från Eldorado i tomatsås. </h4></div><div class=""ql-clipboard"" contenteditable=""true"" tabindex=""-1""></div><div class=""ql-tooltip ql-hidden""><a class=""ql-preview"" target=""_blank"" href=""about:blank""></a><input type=""text"" data-formula=""e=mc^2"" data-link=""https://quilljs.com"" data-video=""Embed URL""><a class=""ql-action""></a><a class=""ql-remove""></a></div>","Italien","Vita bönor 44%, vatten, tomatpuré 5%, socker, modifierad majsstärkelse, salt, kryddor.","<div class=""ql-editor"" data-gramm=""false"" contenteditable=""true""><p>Per 100 gram:</p><p>Energi 350 kJ/85 kcal</p><p>Fett 0.5 g</p><p>-varav mättat fett 0.1 g</p><p>Kolhydrat 14 g</p><p>-varav sockerarter 5.7 g</p><p>Fiber 4 g</p><p>Protein 3.8 g</p><p>Salt 1.2 g</p></div><div class=""ql-clipboard"" contenteditable=""true"" tabindex=""-1""></div><div class=""ql-tooltip ql-hidden""><a class=""ql-preview"" target=""_blank"" href=""about:blank""></a><input type=""text"" data-formula=""e=mc^2"" data-link=""https://quilljs.com"" data-video=""Embed URL""><a class=""ql-action""></a><a class=""ql-remove""></a></div>","Förvaras torrt och svalt. Efter öppnandet kan bönorna förvaras i ett annat kärl i kylskåp (max +8°C) i 3–4 dagar.","<div class=""ql-editor"" data-gramm=""false"" contenteditable=""true""><p>Livshem har ambitionen att alltid ge rätt produkt information. Förändringar i produktens innehåll kan ske över tid, kontrollera därför alltid före användning informationen på produktens förpackning.</p></div><div class=""ql-clipboard"" contenteditable=""true"" tabindex=""-1""></div><div class=""ql-tooltip ql-hidden""><a class=""ql-preview"" target=""_blank"" href=""about:blank""></a><input type=""text"" data-formula=""e=mc^2"" data-link=""https://quilljs.com"" data-video=""Embed URL""><a class=""ql-action""></a><a class=""ql-remove""></a></div>","","6,90","","16,43 kr/kg","","In Stock","420g","","Konserver & burkar","Bönor & baljväxter"
"245","https://livsham2.softwarebyte.co/assets/images/product_image/62931.jpg","Ananas bitar i egen juice","Skafferi","Lager","<div class=""ql-editor"" data-gramm=""false"" contenteditable=""true""><h4>Ananas i bitar i egen juice. Avrunnen vikt 340 gram</h4></div><div class=""ql-clipboard"" contenteditable=""true"" tabindex=""-1""></div><div class=""ql-tooltip ql-hidden""><a class=""ql-preview"" target=""_blank"" href=""about:blank""></a><input type=""text"" data-formula=""e=mc^2"" data-link=""https://quilljs.com"" data-video=""Embed URL""><a class=""ql-action""></a><a class=""ql-remove""></a></div>","Thailand","Ananas 60%, ananasjuice, antioxidationsmedel (citronsyra).","<div class=""ql-editor"" data-gramm=""false"" contenteditable=""true""><p><span style=""color: rgb(38, 38, 58);"">Per 100 gram:</span></p><p><span style=""color: rgb(38, 38, 58);"">Energi 240 kJ/60 kcal</span></p><p><span style=""color: rgb(38, 38, 58);"">Fett &lt;0.5 g</span></p><p><span style=""color: rgb(38, 38, 58);"">-varav mättat fett 0 g</span></p><p><span style=""color: rgb(38, 38, 58);"">Kolhydrat 13 g</span></p><p><span style=""color: rgb(38, 38, 58);"">-varav sockerarter 13 g</span></p><p><span style=""color: rgb(38, 38, 58);"">Fiber 1 g</span></p><p><span style=""color: rgb(38, 38, 58);"">Protein &lt;0.5 g</span></p><p><span style=""color: rgb(38, 38, 58);"">Salt &lt;0.01 g</span></p></div><div class=""ql-clipboard"" contenteditable=""true"" tabindex=""-1""></div><div class=""ql-tooltip ql-hidden""><a class=""ql-preview"" target=""_blank"" href=""about:blank""></a><input type=""text"" data-formula=""e=mc^2"" data-link=""https://quilljs.com"" data-video=""Embed URL""><a class=""ql-action""></a><a class=""ql-remove""></a></div>","Förvaras i rumstemperatur. Efter öppnandet kan innehållet förvaras i ett annat kärl i kylskåp +8°C, max 2 dagar.","<div class=""ql-editor"" data-gramm=""false"" contenteditable=""true""><p>Livshem har ambitionen att alltid ge rätt produkt information. Förändringar i produktens innehåll kan ske över tid, kontrollera därför alltid före användning informationen på produktens förpackning.</p></div><div class=""ql-clipboard"" contenteditable=""true"" tabindex=""-1""></div><div class=""ql-tooltip ql-hidden""><a class=""ql-preview"" target=""_blank"" href=""about:blank""></a><input type=""text"" data-formula=""e=mc^2"" data-link=""https://quilljs.com"" data-video=""Embed URL""><a class=""ql-action""></a><a class=""ql-remove""></a></div>","","19,90","","58,53 kr/kg","","In Stock","340g","","Konserver & burkar","Fruktkonserver"
"246","https://livsham2.softwarebyte.co/assets/images/product_image/74322.jpg","Persikor i halvor i sockerlag","Skafferi","Lager","<div class=""ql-editor"" data-gramm=""false"" contenteditable=""true""><h4>Persikor i halvor i sockerlag. 825 gram, avrunnen vikt 480 gram.</h4></div><div class=""ql-clipboard"" contenteditable=""true"" tabindex=""-1""></div><div class=""ql-tooltip ql-hidden""><a class=""ql-preview"" target=""_blank"" href=""about:blank""></a><input type=""text"" data-formula=""e=mc^2"" data-link=""https://quilljs.com"" data-video=""Embed URL""><a class=""ql-action""></a><a class=""ql-remove""></a></div>","Grekland","Persikor 57%, vatten, socker, surhetsreglerande medel (citronsyra).","<div class=""ql-editor"" data-gramm=""false"" contenteditable=""true""><p><span style=""color: rgb(38, 38, 58);"">Per 100 gram:</span></p><p><span style=""color: rgb(38, 38, 58);"">Energi 280 kJ/66 kcal</span></p><p><span style=""color: rgb(38, 38, 58);"">Fett &lt;0.1 g</span></p><p><span style=""color: rgb(38, 38, 58);"">-varav mättat fett 0 g</span></p><p><span style=""color: rgb(38, 38, 58);"">Kolhydrat 16 g</span></p><p><span style=""color: rgb(38, 38, 58);"">-varav sockerarter 15 g</span></p><p><span style=""color: rgb(38, 38, 58);"">Fiber 1 g</span></p><p><span style=""color: rgb(38, 38, 58);"">Protein 0.4 g</span></p><p><span style=""color: rgb(38, 38, 58);"">Salt 0 g</span></p></div><div class=""ql-clipboard"" contenteditable=""true"" tabindex=""-1""></div><div class=""ql-tooltip ql-hidden""><a class=""ql-preview"" target=""_blank"" href=""about:blank""></a><input type=""text"" data-formula=""e=mc^2"" data-link=""https://quilljs.com"" data-video=""Embed URL""><a class=""ql-action""></a><a class=""ql-remove""></a></div>","Förvaras i rumstemperatur. Efter öppnandet kan innehållet förvaras i ett annat i kylskåp +8°C, max 7 dagar.","<div class=""ql-editor"" data-gramm=""false"" contenteditable=""true""><p>Livshem har ambitionen att alltid ge rätt produkt information. Förändringar i produktens innehåll kan ske över tid, kontrollera därför alltid före användning informationen på produktens förpackning.</p></div><div class=""ql-clipboard"" contenteditable=""true"" tabindex=""-1""></div><div class=""ql-tooltip ql-hidden""><a class=""ql-preview"" target=""_blank"" href=""about:blank""></a><input type=""text"" data-formula=""e=mc^2"" data-link=""https://quilljs.com"" data-video=""Embed URL""><a class=""ql-action""></a><a class=""ql-remove""></a></div>","","31,90","","68,60 kr/kg","","In Stock","825","","Konserver & burkar","Fruktkonserver"
"247","https://livsham2.softwarebyte.co/assets/images/product_image/69183.jpg","Päronhalvor i sockerlag","Skafferi","Lager","<div class=""ql-editor"" data-gramm=""false"" contenteditable=""true""><h4>Päron i halvor i sockerlag. 822 gram, avrunnen vikt 460 gram.</h4></div><div class=""ql-clipboard"" contenteditable=""true"" tabindex=""-1""></div><div class=""ql-tooltip ql-hidden""><a class=""ql-preview"" target=""_blank"" href=""about:blank""></a><input type=""text"" data-formula=""e=mc^2"" data-link=""https://quilljs.com"" data-video=""Embed URL""><a class=""ql-action""></a><a class=""ql-remove""></a></div>","Italien","Päron 56%, vatten, socker, glukos-fruktossirap, surhetsreglerande medel (citronsyra).","<div class=""ql-editor"" data-gramm=""false"" contenteditable=""true""><p><span style=""color: rgb(38, 38, 58);"">Per 100 gram:</span></p><p><span style=""color: rgb(38, 38, 58);"">Energi 270 kJ/60 kcal</span></p><p><span style=""color: rgb(38, 38, 58);"">Fett &lt;0.5 g</span></p><p><span style=""color: rgb(38, 38, 58);"">-varav mättat fett 0 g</span></p><p><span style=""color: rgb(38, 38, 58);"">Kolhydrat 15 g</span></p><p><span style=""color: rgb(38, 38, 58);"">-varav sockerarter 13 g</span></p><p><span style=""color: rgb(38, 38, 58);"">Fiber 1 g</span></p><p><span style=""color: rgb(38, 38, 58);"">Protein 0.2 g</span></p><p><span style=""color: rgb(38, 38, 58);"">Salt 0 g</span></p></div><div class=""ql-clipboard"" contenteditable=""true"" tabindex=""-1""></div><div class=""ql-tooltip ql-hidden""><a class=""ql-preview"" target=""_blank"" href=""about:blank""></a><input type=""text"" data-formula=""e=mc^2"" data-link=""https://quilljs.com"" data-video=""Embed URL""><a class=""ql-action""></a><a class=""ql-remove""></a></div>","Förvaras i rumstemperatur. Efter öppnandet kan innehållet förvaras i ett annat kärl i kylskåp +8°C, och bör förbrukas inom 3-4 dagar.","<div class=""ql-editor"" data-gramm=""false"" contenteditable=""true""><p>Livshem har ambitionen att alltid ge rätt produkt information. Förändringar i produktens innehåll kan ske över tid, kontrollera därför alltid före användning informationen på produktens förpackning.</p></div><div class=""ql-clipboard"" contenteditable=""true"" tabindex=""-1""></div><div class=""ql-tooltip ql-hidden""><a class=""ql-preview"" target=""_blank"" href=""about:blank""></a><input type=""text"" data-formula=""e=mc^2"" data-link=""https://quilljs.com"" data-video=""Embed URL""><a class=""ql-action""></a><a class=""ql-remove""></a></div>","","31.9","","69,35 kr/kg","","In Stock","822g","","Konserver & burkar","Fruktkonserver"
"248","https://livsham2.softwarebyte.co/assets/images/product_image/75013.jpg","Majskorn 3-pack","Skafferi","Lager","<div class=""ql-editor"" data-gramm=""false"" contenteditable=""true""><p><span style=""color: rgb(65, 66, 65);"">Söta och krispiga majskorn</span></p></div><div class=""ql-clipboard"" contenteditable=""true"" tabindex=""-1""></div><div class=""ql-tooltip ql-hidden""><a class=""ql-preview"" target=""_blank"" href=""about:blank""></a><input type=""text"" data-formula=""e=mc^2"" data-link=""https://quilljs.com"" data-video=""Embed URL""><a class=""ql-action""></a><a class=""ql-remove""></a></div>","Ungern","Majskorn, vatten, salt","<div class=""ql-editor"" data-gramm=""false"" contenteditable=""true""><p><span style=""color: rgb(38, 38, 58);"">Per 100 gram:</span></p><p><span style=""color: rgb(38, 38, 58);"">Energi 373 kJ/89 kcal</span></p><p><span style=""color: rgb(38, 38, 58);"">Fett 2.4 g</span></p><p><span style=""color: rgb(38, 38, 58);"">-varav mättat fett 0.5 g</span></p><p><span style=""color: rgb(38, 38, 58);"">Kolhydrat 12 g</span></p><p><span style=""color: rgb(38, 38, 58);"">-varav sockerarter 4.9 g</span></p><p><span style=""color: rgb(38, 38, 58);"">Fiber 3.8 g</span></p><p><span style=""color: rgb(38, 38, 58);"">Protein 2.9 g</span></p><p><span style=""color: rgb(38, 38, 58);"">Salt 0.43 g</span></p></div><div class=""ql-clipboard"" contenteditable=""true"" tabindex=""-1""></div><div class=""ql-tooltip ql-hidden""><a class=""ql-preview"" target=""_blank"" href=""about:blank""></a><input type=""text"" data-formula=""e=mc^2"" data-link=""https://quilljs.com"" data-video=""Embed URL""><a class=""ql-action""></a><a class=""ql-remove""></a></div>","Förvaras i rumstemperatur. Öppnad förpackning förvaras i kylskåp 8°C, hållbar i cirka 5 dagar.","<div class=""ql-editor"" data-gramm=""false"" contenteditable=""true""><p>Livshem har ambitionen att alltid ge rätt produkt information. Förändringar i produktens innehåll kan ske över tid, kontrollera därför alltid före användning informationen på produktens förpackning.</p></div><div class=""ql-clipboard"" contenteditable=""true"" tabindex=""-1""></div><div class=""ql-tooltip ql-hidden""><a class=""ql-preview"" target=""_blank"" href=""about:blank""></a><input type=""text"" data-formula=""e=mc^2"" data-link=""https://quilljs.com"" data-video=""Embed URL""><a class=""ql-action""></a><a class=""ql-remove""></a></div>","","35,95","","72,63 kr/kg","","In Stock","495g","","Konserver & burkar","Grönsakskonserver"
"249","https://livsham2.softwarebyte.co/assets/images/product_image/76935.jpg","Majskorn","Skafferi","Lager","<div class=""ql-editor ql-blank"" data-gramm=""false"" contenteditable=""true""><p><br></p></div><div class=""ql-clipboard"" contenteditable=""true"" tabindex=""-1""></div><div class=""ql-tooltip ql-hidden""><a class=""ql-preview"" target=""_blank"" href=""about:blank""></a><input type=""text"" data-formula=""e=mc^2"" data-link=""https://quilljs.com"" data-video=""Embed URL""><a class=""ql-action""></a><a class=""ql-remove""></a></div>","Kina","Majskorn, vatten, salt","<div class=""ql-editor"" data-gramm=""false"" contenteditable=""true""><p><span style=""color: rgb(38, 38, 58);"">per 100 gram:</span></p><p><span style=""color: rgb(38, 38, 58);"">Energi 435 kJ, 103 kcal</span></p><p><span style=""color: rgb(38, 38, 58);"">Fett 1.8 g</span></p><p><span style=""color: rgb(38, 38, 58);"">-Varav mättat fett 0 g</span></p><p><span style=""color: rgb(38, 38, 58);"">Kolhydrat 21 g</span></p><p><span style=""color: rgb(38, 38, 58);"">-Varav sockerarter 7 g</span></p><p><span style=""color: rgb(38, 38, 58);"">Protein 2.1 g</span></p><p><span style=""color: rgb(38, 38, 58);"">Salt 0.4 g</span></p></div><div class=""ql-clipboard"" contenteditable=""true"" tabindex=""-1""></div><div class=""ql-tooltip ql-hidden""><a class=""ql-preview"" target=""_blank"" href=""about:blank""></a><input type=""text"" data-formula=""e=mc^2"" data-link=""https://quilljs.com"" data-video=""Embed URL""><a class=""ql-action""></a><a class=""ql-remove""></a></div>","Förvaras torrt och svalt. Innehåll i öppnad förpackning förvaras i annat kärl i kylskåp i cirka 3 dagar.","<div class=""ql-editor"" data-gramm=""false"" contenteditable=""true""><p>Livshem har ambitionen att alltid ge rätt produkt information. Förändringar i produktens innehåll kan ske över tid, kontrollera därför alltid före användning informationen på produktens förpackning.</p></div><div class=""ql-clipboard"" contenteditable=""true"" tabindex=""-1""></div><div class=""ql-tooltip ql-hidden""><a class=""ql-preview"" target=""_blank"" href=""about:blank""></a><input type=""text"" data-formula=""e=mc^2"" data-link=""https://quilljs.com"" data-video=""Embed URL""><a class=""ql-action""></a><a class=""ql-remove""></a></div>","","12,90","","45,26 kr/kg","","In Stock","340 g","","Konserver & burkar","Grönsakskonserver"
"250","https://livsham2.softwarebyte.co/assets/images/product_image/26193.jpg","Rödbetor skivade","Skafferi","Lager","<div class=""ql-editor"" data-gramm=""false"" contenteditable=""true""><h4>Felix skivade Rödbetor 370 gram i burk med lättöppnat lock! Små fina rödbetor i klassisk svensk inläggning. Lite mindre, lite delikatare. Felix Rödbetor skördas när de är som mjällast och finast. Ett måste till pytt i panna och många andra svenska klassiska rätter. Tillagas i hjärtat av Skåne enligt ett klassiskt svenskt recept med ättika, socker och kryddor. För att läsa mer om Felix rödbetor besök felix.se</h4></div><div class=""ql-clipboard"" contenteditable=""true"" tabindex=""-1""></div><div class=""ql-tooltip ql-hidden""><a class=""ql-preview"" target=""_blank"" href=""about:blank""></a><input type=""text"" data-formula=""e=mc^2"" data-link=""https://quilljs.com"" data-video=""Embed URL""><a class=""ql-action""></a><a class=""ql-remove""></a></div>","Sverige","Skivade rödbetor* i lag av vatten, ättika, socker*, konserveringsmedel (kaliumsorbat), kryddextrakt (bl.a. cayennepeppar) och arom. *Svenskt ursprung","<div class=""ql-editor"" data-gramm=""false"" contenteditable=""true""><p>Per 100 gram:</p><p>Energi 245 kJ/58 kcal</p><p>Fett 0 g</p><p>-varav mättat fett 0 g</p><p>Kolhydrat 12 g</p><p>-varav sockerarter 12 g</p><p>Protein 1.2 g</p><p>Salt 0 g</p></div><div class=""ql-clipboard"" contenteditable=""true"" tabindex=""-1""></div><div class=""ql-tooltip ql-hidden""><a class=""ql-preview"" target=""_blank"" href=""about:blank""></a><input type=""text"" data-formula=""e=mc^2"" data-link=""https://quilljs.com"" data-video=""Embed URL""><a class=""ql-action""></a><a class=""ql-remove""></a></div>","","<div class=""ql-editor"" data-gramm=""false"" contenteditable=""true""><p>Livshem har ambitionen att alltid ge rätt produkt information. Förändringar i produktens innehåll kan ske över tid, kontrollera därför alltid före användning informationen på produktens förpackning.</p></div><div class=""ql-clipboard"" contenteditable=""true"" tabindex=""-1""></div><div class=""ql-tooltip ql-hidden""><a class=""ql-preview"" target=""_blank"" href=""about:blank""></a><input type=""text"" data-formula=""e=mc^2"" data-link=""https://quilljs.com"" data-video=""Embed URL""><a class=""ql-action""></a><a class=""ql-remove""></a></div>","","20,95","","74,82 kr/kg","","In Stock","370g","","Konserver & burkar","Inlagda grönsaker"
"251","https://livsham2.softwarebyte.co/assets/images/product_image/33102.jpg","Paprika grillad","Skafferi","Lager","<div class=""ql-editor ql-blank"" data-gramm=""false"" contenteditable=""true""><p><br></p></div><div class=""ql-clipboard"" contenteditable=""true"" tabindex=""-1""></div><div class=""ql-tooltip ql-hidden""><a class=""ql-preview"" target=""_blank"" href=""about:blank""></a><input type=""text"" data-formula=""e=mc^2"" data-link=""https://quilljs.com"" data-video=""Embed URL""><a class=""ql-action""></a><a class=""ql-remove""></a></div>","Turkiet","Grillad röd paprika (59%), vatten, socker, vinäger, salt,. vitlök, naturlig vitlöksarom.","<div class=""ql-editor"" data-gramm=""false"" contenteditable=""true""><p><span style=""color: rgb(38, 38, 58);"">per 100 gram:</span></p><p><span style=""color: rgb(38, 38, 58);"">Energi 167 kJ, 40 kcal</span></p><p><span style=""color: rgb(38, 38, 58);"">Fett 0.47 g</span></p><p><span style=""color: rgb(38, 38, 58);"">-Varav mättat fett 0.13 g</span></p><p><span style=""color: rgb(38, 38, 58);"">Kolhydrat 7.76 g</span></p><p><span style=""color: rgb(38, 38, 58);"">-Varav sockerarter 6.7 g</span></p><p><span style=""color: rgb(38, 38, 58);"">Fiber 1.06 g</span></p><p><span style=""color: rgb(38, 38, 58);"">Protein 1.27 g</span></p><p><span style=""color: rgb(38, 38, 58);"">Salt 1.17 g</span></p></div><div class=""ql-clipboard"" contenteditable=""true"" tabindex=""-1""></div><div class=""ql-tooltip ql-hidden""><a class=""ql-preview"" target=""_blank"" href=""about:blank""></a><input type=""text"" data-formula=""e=mc^2"" data-link=""https://quilljs.com"" data-video=""Embed URL""><a class=""ql-action""></a><a class=""ql-remove""></a></div>","Förvaras torrt och svalt. Skyddas från solljus. Öppnad burk förvaras i kylskåp.","<div class=""ql-editor"" data-gramm=""false"" contenteditable=""true""><p>Livshem har ambitionen att alltid ge rätt produkt information. Förändringar i produktens innehåll kan ske över tid, kontrollera därför alltid före användning informationen på produktens förpackning.</p></div><div class=""ql-clipboard"" contenteditable=""true"" tabindex=""-1""></div><div class=""ql-tooltip ql-hidden""><a class=""ql-preview"" target=""_blank"" href=""about:blank""></a><input type=""text"" data-formula=""e=mc^2"" data-link=""https://quilljs.com"" data-video=""Embed URL""><a class=""ql-action""></a><a class=""ql-remove""></a></div>","","36,90","","92,25 kr/kg","","In Stock","680g","","Konserver & burkar","Inlagda grönsaker"
"252","https://livsham2.softwarebyte.co/assets/images/product_image/80735.jpg","Feferoni kebab","Skafferi","Lager","<div class=""ql-editor ql-blank"" data-gramm=""false"" contenteditable=""true""><p><br></p></div><div class=""ql-clipboard"" contenteditable=""true"" tabindex=""-1""></div><div class=""ql-tooltip ql-hidden""><a class=""ql-preview"" target=""_blank"" href=""about:blank""></a><input type=""text"" data-formula=""e=mc^2"" data-link=""https://quilljs.com"" data-video=""Embed URL""><a class=""ql-action""></a><a class=""ql-remove""></a></div>","Turkiet","Stark feferoni (48%), vatten, salt, vinäger, surhetsreglerande (citronsyra), stabiliseringsmedel (E509), naturlig arom, konserveringsmeddel (E223).","<div class=""ql-editor"" data-gramm=""false"" contenteditable=""true""><p><span style=""color: rgb(38, 38, 58);"">per 100 gram:</span></p><p><span style=""color: rgb(38, 38, 58);"">Energi 107 kJ, 26 kcal</span></p><p><span style=""color: rgb(38, 38, 58);"">Fett 0.5 g</span></p><p><span style=""color: rgb(38, 38, 58);"">-Varav mättat fett 0.3 g</span></p><p><span style=""color: rgb(38, 38, 58);"">Kolhydrat 1.6 g</span></p><p><span style=""color: rgb(38, 38, 58);"">-Varav sockerarter 0.4 g</span></p><p><span style=""color: rgb(38, 38, 58);"">Fiber 5.1 g</span></p><p><span style=""color: rgb(38, 38, 58);"">Protein 0.6 g</span></p><p><span style=""color: rgb(38, 38, 58);"">Salt 4.5 g</span></p></div><div class=""ql-clipboard"" contenteditable=""true"" tabindex=""-1""></div><div class=""ql-tooltip ql-hidden""><a class=""ql-preview"" target=""_blank"" href=""about:blank""></a><input type=""text"" data-formula=""e=mc^2"" data-link=""https://quilljs.com"" data-video=""Embed URL""><a class=""ql-action""></a><a class=""ql-remove""></a></div>","Förvaras torrt och svalt. Skyddas från solljus. Öppnad burk förvaras i kylskåp.","<div class=""ql-editor"" data-gramm=""false"" contenteditable=""true""><p>Livshem har ambitionen att alltid ge rätt produkt information. Förändringar i produktens innehåll kan ske över tid, kontrollera därför alltid före användning informationen på produktens förpackning.</p></div><div class=""ql-clipboard"" contenteditable=""true"" tabindex=""-1""></div><div class=""ql-tooltip ql-hidden""><a class=""ql-preview"" target=""_blank"" href=""about:blank""></a><input type=""text"" data-formula=""e=mc^2"" data-link=""https://quilljs.com"" data-video=""Embed URL""><a class=""ql-action""></a><a class=""ql-remove""></a></div>","","71,90","","65,36 kr/kg","","In Stock","2250g","","Konserver & burkar","Inlagda grönsaker"
"253","https://livsham2.softwarebyte.co/assets/images/product_image/78138.jpg","Champinjoner i skivor","Skafferi","Lager","<div class=""ql-editor"" data-gramm=""false"" contenteditable=""true""><p>Skivade champinjoner från Eldorado.</p></div><div class=""ql-clipboard"" contenteditable=""true"" tabindex=""-1""></div><div class=""ql-tooltip ql-hidden""><a class=""ql-preview"" target=""_blank"" href=""about:blank""></a><input type=""text"" data-formula=""e=mc^2"" data-link=""https://quilljs.com"" data-video=""Embed URL""><a class=""ql-action""></a><a class=""ql-remove""></a></div>","Nederländerna","Skivade champinjoner, vatten, salt, surhetsreglerande medel (citronsyra), antioxidationsmedel (askorbinsyra).","<div class=""ql-editor"" data-gramm=""false"" contenteditable=""true""><p><span style=""color: rgb(38, 38, 58);"">Per 100 gram:</span></p><p><span style=""color: rgb(38, 38, 58);"">Energi 80 kJ/18 kcal</span></p><p><span style=""color: rgb(38, 38, 58);"">Fett 0.4 g</span></p><p><span style=""color: rgb(38, 38, 58);"">-varav mättat fett 0 g</span></p><p><span style=""color: rgb(38, 38, 58);"">Kolhydrat 0.2 g</span></p><p><span style=""color: rgb(38, 38, 58);"">-varav sockerarter 0 g</span></p><p><span style=""color: rgb(38, 38, 58);"">Fiber 2.8 g</span></p><p><span style=""color: rgb(38, 38, 58);"">Protein 2.1 g</span></p><p><span style=""color: rgb(38, 38, 58);"">Salt 0.45 g</span></p></div><div class=""ql-clipboard"" contenteditable=""true"" tabindex=""-1""></div><div class=""ql-tooltip ql-hidden""><a class=""ql-preview"" target=""_blank"" href=""about:blank""></a><input type=""text"" data-formula=""e=mc^2"" data-link=""https://quilljs.com"" data-video=""Embed URL""><a class=""ql-action""></a><a class=""ql-remove""></a></div>","","<div class=""ql-editor"" data-gramm=""false"" contenteditable=""true""><p>Livshem har ambitionen att alltid ge rätt produkt information. Förändringar i produktens innehåll kan ske över tid, kontrollera därför alltid före användning informationen på produktens förpackning.</p></div><div class=""ql-clipboard"" contenteditable=""true"" tabindex=""-1""></div><div class=""ql-tooltip ql-hidden""><a class=""ql-preview"" target=""_blank"" href=""about:blank""></a><input type=""text"" data-formula=""e=mc^2"" data-link=""https://quilljs.com"" data-video=""Embed URL""><a class=""ql-action""></a><a class=""ql-remove""></a></div>","","13,95","","82,06 kr/kg","","In Stock","290 g","","Konserver & burkar","Grönsakskonserver"
"254","https://livsham2.softwarebyte.co/assets/images/product_image/1891.jpg","Pickles","Skafferi","Lager","<div class=""ql-editor"" data-gramm=""false"" contenteditable=""true""><h4>Felix Pickles är krispigt goda grönsaker i en frisk lag. Gurka, morötter, blomkål och smålök inlagda i burk med lättöppnat lock. Grönsakerna passar perfekt som tillbehör till lunchen eller middagen och tillför extra syrlighet. Läs mer om Felix produkter på felix.se</h4></div><div class=""ql-clipboard"" contenteditable=""true"" tabindex=""-1""></div><div class=""ql-tooltip ql-hidden""><a class=""ql-preview"" target=""_blank"" href=""about:blank""></a><input type=""text"" data-formula=""e=mc^2"" data-link=""https://quilljs.com"" data-video=""Embed URL""><a class=""ql-action""></a><a class=""ql-remove""></a></div>","Sverige","Gurka, morötter, blomkål och lök i lag av vatten, socker, ättika, salt, SENAPsfrö, konserveringsmedel (kaliumsorbat), naturlig arom, stabiliseringsmedel (kalciumklorid). Kan innehålla spår av GLUTEN.","<div class=""ql-editor"" data-gramm=""false"" contenteditable=""true""><p><span style=""color: rgb(38, 38, 58);"">per 100 gram:</span></p><p><span style=""color: rgb(38, 38, 58);"">Energi 278 kJ, 66 kcal</span></p><p><span style=""color: rgb(38, 38, 58);"">Fett 0 g</span></p><p><span style=""color: rgb(38, 38, 58);"">-Varav mättat fett 0 g</span></p><p><span style=""color: rgb(38, 38, 58);"">Kolhydrat 14 g</span></p><p><span style=""color: rgb(38, 38, 58);"">-Varav sockerarter 14 g</span></p><p><span style=""color: rgb(38, 38, 58);"">Protein 1 g</span></p><p><span style=""color: rgb(38, 38, 58);"">Salt 1.5 g</span></p></div><div class=""ql-clipboard"" contenteditable=""true"" tabindex=""-1""></div><div class=""ql-tooltip ql-hidden""><a class=""ql-preview"" target=""_blank"" href=""about:blank""></a><input type=""text"" data-formula=""e=mc^2"" data-link=""https://quilljs.com"" data-video=""Embed URL""><a class=""ql-action""></a><a class=""ql-remove""></a></div>","Förvaras i rumstemperatur. Efter öppnandet förvara i kylskåp  +8°C","<div class=""ql-editor"" data-gramm=""false"" contenteditable=""true""><p>Livshem har ambitionen att alltid ge rätt produkt information. Förändringar i produktens innehåll kan ske över tid, kontrollera därför alltid före användning informationen på produktens förpackning.</p></div><div class=""ql-clipboard"" contenteditable=""true"" tabindex=""-1""></div><div class=""ql-tooltip ql-hidden""><a class=""ql-preview"" target=""_blank"" href=""about:blank""></a><input type=""text"" data-formula=""e=mc^2"" data-link=""https://quilljs.com"" data-video=""Embed URL""><a class=""ql-action""></a><a class=""ql-remove""></a></div>","","26,90","","107,60 kr/kg","","In Stock","390g","","Konserver & burkar","Inlagda grönsaker"
"255","https://livsham2.softwarebyte.co/assets/images/product_image/58508.jpg","Smörgåsgurka skivad","Skafferi","Lager","<div class=""ql-editor"" data-gramm=""false"" contenteditable=""true""><p><span style=""color: rgb(65, 66, 65);"">Felix Smörgåsgurka är inlagd gurka i skivor som är krispiga, sötsyrliga och perfekta på smörgåsen. Den allra största delen av Felix gurkor handplockas av egna odlare i södra Sverige. Odlarna har certifierats i Svenskt Sigill för att garantera sjysta arbetsvillkor för plockarna och för att de arbetar aktivt med att minska sin klimatpåverkan. Eftersom vädret spelar en stor roll för skörden händer det ibland att man måste importera en mindre mängd gurka från utlandet. Sedan läggs de in i Eslöv, mitt i Skåne!&nbsp;</span></p></div><div class=""ql-clipboard"" contenteditable=""true"" tabindex=""-1""></div><div class=""ql-tooltip ql-hidden""><a class=""ql-preview"" target=""_blank"" href=""about:blank""></a><input type=""text"" data-formula=""e=mc^2"" data-link=""https://quilljs.com"" data-video=""Embed URL""><a class=""ql-action""></a><a class=""ql-remove""></a></div>","Sverige","Skivad gurka med SENAPsfrö i lag av vatten, socker, ättika, salt, stabiliseringsmedel (kalciumklorid), naturlig dillarom, kryddextrakt (bl.a. cayennepeppar), arom. Kan innehålla spår av GLUTEN.","<div class=""ql-editor"" data-gramm=""false"" contenteditable=""true""><p><span style=""color: rgb(38, 38, 58);"">Per 100 g:</span></p><p><span style=""color: rgb(38, 38, 58);"">Energi 251 kJ/60 kcal</span></p><p><span style=""color: rgb(38, 38, 58);"">Fett 0 g</span></p><p><span style=""color: rgb(38, 38, 58);"">- Varav mättat fett 0 g</span></p><p><span style=""color: rgb(38, 38, 58);"">Kolhydrat 13 g</span></p><p><span style=""color: rgb(38, 38, 58);"">- Varav sockerarter 13 g</span></p><p><span style=""color: rgb(38, 38, 58);"">Protein 1.0 g</span></p><p><span style=""color: rgb(38, 38, 58);"">Salt 1.7 g</span></p></div><div class=""ql-clipboard"" contenteditable=""true"" tabindex=""-1""></div><div class=""ql-tooltip ql-hidden""><a class=""ql-preview"" target=""_blank"" href=""about:blank""></a><input type=""text"" data-formula=""e=mc^2"" data-link=""https://quilljs.com"" data-video=""Embed URL""><a class=""ql-action""></a><a class=""ql-remove""></a></div>","","<div class=""ql-editor"" data-gramm=""false"" contenteditable=""true""><p>Livshem har ambitionen att alltid ge rätt produkt information. Förändringar i produktens innehåll kan ske över tid, kontrollera därför alltid före användning informationen på produktens förpackning.</p></div><div class=""ql-clipboard"" contenteditable=""true"" tabindex=""-1""></div><div class=""ql-tooltip ql-hidden""><a class=""ql-preview"" target=""_blank"" href=""about:blank""></a><input type=""text"" data-formula=""e=mc^2"" data-link=""https://quilljs.com"" data-video=""Embed URL""><a class=""ql-action""></a><a class=""ql-remove""></a></div>","","18,90","","78,75 kr/kg","","In Stock","370 g","","Konserver & burkar","Inlagda grönsaker"
"256","https://livsham2.softwarebyte.co/assets/images/product_image/95207.jpg","Bostongurka","Skafferi","Lager","<div class=""ql-editor"" data-gramm=""false"" contenteditable=""true""><p><span style=""color: rgb(65, 66, 65);"">Felix Bostongurka - originalblandningen av hackad gurkmix med fint tärnad gurka, paprika, lök och senapsfrön. Felix Bostongurka är ett perfek tillbehör till grillad korv, falukorv i ugn, hamburgare eller i smörgåstårta tillsammans med leverpastej. Den allra största delen av Felix gurkor handplockas av egna odlare i södra Sverige. Odlarna har certifierats i Svenskt Sigill för att garantera sjysta arbetsvillkor för plockarna och för att de arbetar aktivt med att minska sin klimatpåverkan. Sedan läggs de in i Eslöv, mitt i Skåne!</span></p></div><div class=""ql-clipboard"" contenteditable=""true"" tabindex=""-1""></div><div class=""ql-tooltip ql-hidden""><a class=""ql-preview"" target=""_blank"" href=""about:blank""></a><input type=""text"" data-formula=""e=mc^2"" data-link=""https://quilljs.com"" data-video=""Embed URL""><a class=""ql-action""></a><a class=""ql-remove""></a></div>","Sverige","Gurka, socker, ättika, lök, paprika, modifierad stärkelse, salt, SENAPsfrön, konserveringsmedel (kaliumsorbat), stabiliseringsmedel (kalciumklorid), kryddextrakt (cayennepeppar), kryddor (bl.a. kryddnejlika) och färgämne (E141, riboflavin). Kan innehålla spår av GLUTEN.","<div class=""ql-editor"" data-gramm=""false"" contenteditable=""true""><p>Per 100 g:</p><p>Energi 307 kJ/73 kcal</p><p>Fett 0 g</p><p>-varav mättat fett 0 g</p><p>Kolhydrat 17 g</p><p>-varav sockerarter 13 g</p><p>Protein 1 g</p><p>Salt 1.3 g</p></div><div class=""ql-clipboard"" contenteditable=""true"" tabindex=""-1""></div><div class=""ql-tooltip ql-hidden""><a class=""ql-preview"" target=""_blank"" href=""about:blank""></a><input type=""text"" data-formula=""e=mc^2"" data-link=""https://quilljs.com"" data-video=""Embed URL""><a class=""ql-action""></a><a class=""ql-remove""></a></div>","Förvaras i rumstemperatur. Efter öppnandet förvara i kylskåp  +8°C","<div class=""ql-editor"" data-gramm=""false"" contenteditable=""true""><p>Livshem har ambitionen att alltid ge rätt produkt information. Förändringar i produktens innehåll kan ske över tid, kontrollera därför alltid före användning informationen på produktens förpackning.</p></div><div class=""ql-clipboard"" contenteditable=""true"" tabindex=""-1""></div><div class=""ql-tooltip ql-hidden""><a class=""ql-preview"" target=""_blank"" href=""about:blank""></a><input type=""text"" data-formula=""e=mc^2"" data-link=""https://quilljs.com"" data-video=""Embed URL""><a class=""ql-action""></a><a class=""ql-remove""></a></div>","","36,50","","50,69 kr/kg","","In Stock","720 g","","Konserver & burkar","Inlagda grönsaker"
"257","https://livsham2.softwarebyte.co/assets/images/product_image/72936.jpg","Saltgurka skivad","Skafferi","Lager","<div class=""ql-editor"" data-gramm=""false"" contenteditable=""true""><p><span style=""color: rgb(65, 66, 65);"">Felix skivad Saltgurka är gurka inlagd i en saltare lag med senapsfrön och ättika. Gurkorna till Felix inlagda saltgurka handplockas liksom den allra största delen av Felix gurkor av egna odlare i södra Sverige. Eftersom vädret spelar en stor roll för skörden händer det ibland att man måste importera en mindre mängd gurka från utlandet. Felix inlagda saltgurka läggs in i Eslöv i Skåne i burk med lättöppnat lock.</span></p></div><div class=""ql-clipboard"" contenteditable=""true"" tabindex=""-1""></div><div class=""ql-tooltip ql-hidden""><a class=""ql-preview"" target=""_blank"" href=""about:blank""></a><input type=""text"" data-formula=""e=mc^2"" data-link=""https://quilljs.com"" data-video=""Embed URL""><a class=""ql-action""></a><a class=""ql-remove""></a></div>","Sverige","Skivad gurka med SENAPsfrö i lag av vatten, salt, ättika, socker, syra (citronsyra), stabiliseringsmedel (kalciumklorid), kryddextrakt (cayennepeppar), naturlig dillarom, arom, konserveringsmedel (kaliumsorbat) och antioxidationsmedel (askorbinsyra). Kan innehålla spår av GLUTEN.","<div class=""ql-editor"" data-gramm=""false"" contenteditable=""true""><p>Per 100 gram:</p><p>Energi 52 kJ/12 kcal</p><p>Fett 0 g</p><p>-varav mättat fett 0 g</p><p>Kolhydrat 1.7 g</p><p>-varav sockerarter 1.4 g</p><p>Protein 0.9 g</p><p>Salt 4.0 g</p></div><div class=""ql-clipboard"" contenteditable=""true"" tabindex=""-1""></div><div class=""ql-tooltip ql-hidden""><a class=""ql-preview"" target=""_blank"" href=""about:blank""></a><input type=""text"" data-formula=""e=mc^2"" data-link=""https://quilljs.com"" data-video=""Embed URL""><a class=""ql-action""></a><a class=""ql-remove""></a></div>","Förvaras i rumstemperatur. Efter öppnandet förvara i kylskåp  +8°C","<div class=""ql-editor"" data-gramm=""false"" contenteditable=""true""><p>Livshem har ambitionen att alltid ge rätt produkt information. Förändringar i produktens innehåll kan ske över tid, kontrollera därför alltid före användning informationen på produktens förpackning.</p></div><div class=""ql-clipboard"" contenteditable=""true"" tabindex=""-1""></div><div class=""ql-tooltip ql-hidden""><a class=""ql-preview"" target=""_blank"" href=""about:blank""></a><input type=""text"" data-formula=""e=mc^2"" data-link=""https://quilljs.com"" data-video=""Embed URL""><a class=""ql-action""></a><a class=""ql-remove""></a></div>","","28,90","","65,68 kr/kg","","In Stock","700g","","Konserver & burkar","Inlagda grönsaker"
"258","https://livsham2.softwarebyte.co/assets/images/product_image/82639.jpg","Cornichons","Skafferi","Lager","<div class=""ql-editor"" data-gramm=""false"" contenteditable=""true""><h4>Felix Cornichons 350 g är små, krispiga, hela minigurkor inlagda enligt franskt manér med senapsfrö, dragon och paprika. Picklade gurkor är perfekta som tilltugg, till en bit lantpaté, till buffén, som drinktilltugg eller bara som lite snacks på kvällen.</h4></div><div class=""ql-clipboard"" contenteditable=""true"" tabindex=""-1""></div><div class=""ql-tooltip ql-hidden""><a class=""ql-preview"" target=""_blank"" href=""about:blank""></a><input type=""text"" data-formula=""e=mc^2"" data-link=""https://quilljs.com"" data-video=""Embed URL""><a class=""ql-action""></a><a class=""ql-remove""></a></div>","Turkiet","Små hela gurkor med röd paprika, lök, SENAPsfrö, dragon och svartpeppar i lag av vatten, ättika, salt, stabiliseringsmedel (kalciumklorid) och naturlig arom. Kan innehålla spår av GLUTEN.","<div class=""ql-editor"" data-gramm=""false"" contenteditable=""true""><p>Per 100 gram:</p><p>Energi 59kJ/14kcal</p><p>Fett 0 g</p><p>-varav mättat fett 0 g</p><p>Kolhydrat 2.2 g</p><p>-varav sockerarter 0.7 g</p><p>Protein 1 g</p><p>Salt 2.3 g</p></div><div class=""ql-clipboard"" contenteditable=""true"" tabindex=""-1""></div><div class=""ql-tooltip ql-hidden""><a class=""ql-preview"" target=""_blank"" href=""about:blank""></a><input type=""text"" data-formula=""e=mc^2"" data-link=""https://quilljs.com"" data-video=""Embed URL""><a class=""ql-action""></a><a class=""ql-remove""></a></div>","Förvaras i rumstemperatur. Efter öppnandet förvara i kylskåp  +8°C.","<div class=""ql-editor"" data-gramm=""false"" contenteditable=""true""><p>Livshem har ambitionen att alltid ge rätt produkt information. Förändringar i produktens innehåll kan ske över tid, kontrollera därför alltid före användning informationen på produktens förpackning.</p></div><div class=""ql-clipboard"" contenteditable=""true"" tabindex=""-1""></div><div class=""ql-tooltip ql-hidden""><a class=""ql-preview"" target=""_blank"" href=""about:blank""></a><input type=""text"" data-formula=""e=mc^2"" data-link=""https://quilljs.com"" data-video=""Embed URL""><a class=""ql-action""></a><a class=""ql-remove""></a></div>","","26,90","","158,24 kr/kg","","In Stock","350g","","Konserver & burkar","Inlagda grönsaker"
"259","https://livsham2.softwarebyte.co/assets/images/product_image/25442.jpg","Krossade Tomater","Skafferi","Lager","<div class=""ql-editor ql-blank"" data-gramm=""false"" contenteditable=""true""><p><br></p></div><div class=""ql-clipboard"" contenteditable=""true"" tabindex=""-1""></div><div class=""ql-tooltip ql-hidden""><a class=""ql-preview"" target=""_blank"" href=""about:blank""></a><input type=""text"" data-formula=""e=mc^2"" data-link=""https://quilljs.com"" data-video=""Embed URL""><a class=""ql-action""></a><a class=""ql-remove""></a></div>","Italien","tomat 99,8%, salt","<div class=""ql-editor"" data-gramm=""false"" contenteditable=""true""><p>Per 100 gram:</p><p>Energi 110 kJ/26 kcal</p><p>Fett 0.2 g</p><p>-varav mättat fett &lt;0.1 g</p><p>Kolhydrat 3.9 g</p><p>-varav sockerarter 2.8 g</p><p>Protein 1.2 g</p><p>Salt 0.3 g</p></div><div class=""ql-clipboard"" contenteditable=""true"" tabindex=""-1""></div><div class=""ql-tooltip ql-hidden""><a class=""ql-preview"" target=""_blank"" href=""about:blank""></a><input type=""text"" data-formula=""e=mc^2"" data-link=""https://quilljs.com"" data-video=""Embed URL""><a class=""ql-action""></a><a class=""ql-remove""></a></div>","Förvara i rumstemperatur på en sval och torr plats. Öppnad förpackning förvaras i kylskåp och konsumeras inom 5 dagar.","<div class=""ql-editor"" data-gramm=""false"" contenteditable=""true""><p>Livshem har ambitionen att alltid ge rätt produkt information. Förändringar i produktens innehåll kan ske över tid, kontrollera därför alltid före användning informationen på produktens förpackning.</p></div><div class=""ql-clipboard"" contenteditable=""true"" tabindex=""-1""></div><div class=""ql-tooltip ql-hidden""><a class=""ql-preview"" target=""_blank"" href=""about:blank""></a><input type=""text"" data-formula=""e=mc^2"" data-link=""https://quilljs.com"" data-video=""Embed URL""><a class=""ql-action""></a><a class=""ql-remove""></a></div>","","15,90","","39,75 kr/kg","","In Stock","400g","","Konserver & burkar","Tomatkonserver"
"260","https://livsham2.softwarebyte.co/assets/images/product_image/66824.jpg","Finkrossade Tomater","Skafferi","Lager","<div class=""ql-editor"" data-gramm=""false"" contenteditable=""true""><p>Mutti finkrossade tomater behåller de nyskördade tomaternas fräschör. Denna unika produkt kombinerar tomatjuice med finhackat fruktkött, vilket gör den perfekt för långa koktider i höga temperaturer, till exempel i ugnen. Perfekt för hembakt pizza, recept med kött, grönsaker och baljväxter eller till färsk durumvete- eller äggpasta</p></div><div class=""ql-clipboard"" contenteditable=""true"" tabindex=""-1""></div><div class=""ql-tooltip ql-hidden""><a class=""ql-preview"" target=""_blank"" href=""about:blank""></a><input type=""text"" data-formula=""e=mc^2"" data-link=""https://quilljs.com"" data-video=""Embed URL""><a class=""ql-action""></a><a class=""ql-remove""></a></div>","Italien","tomat 99.8%, salt","<div class=""ql-editor"" data-gramm=""false"" contenteditable=""true""><p>Per 100 gram:</p><p>Energi 110 kJ/26 kcal</p><p>Fett 0.2 g</p><p>-varav mättat fett &lt;0.1 g</p><p>Kolhydrat 3.9 g</p><p>-varav sockerarter 2.8 g</p><p>Protein 1.2 g</p><p>Salt 0.3 g</p></div><div class=""ql-clipboard"" contenteditable=""true"" tabindex=""-1""></div><div class=""ql-tooltip ql-hidden""><a class=""ql-preview"" target=""_blank"" href=""about:blank""></a><input type=""text"" data-formula=""e=mc^2"" data-link=""https://quilljs.com"" data-video=""Embed URL""><a class=""ql-action""></a><a class=""ql-remove""></a></div>","Förvara i rumstemperatur på en sval och torr plats. Öppnad förpackning förvaras i kylskåp och konsumeras inom 5 dagar.","<div class=""ql-editor"" data-gramm=""false"" contenteditable=""true""><p>Livshem har ambitionen att alltid ge rätt produkt information. Förändringar i produktens innehåll kan ske över tid, kontrollera därför alltid före användning informationen på produktens förpackning.</p></div><div class=""ql-clipboard"" contenteditable=""true"" tabindex=""-1""></div><div class=""ql-tooltip ql-hidden""><a class=""ql-preview"" target=""_blank"" href=""about:blank""></a><input type=""text"" data-formula=""e=mc^2"" data-link=""https://quilljs.com"" data-video=""Embed URL""><a class=""ql-action""></a><a class=""ql-remove""></a></div>","","35,90","","29,92 kr/kg","","In Stock","3x400g","","Konserver & burkar","Tomatkonserver"
"261","https://livsham2.softwarebyte.co/assets/images/product_image/91066.jpg","Krossade tomater","Skafferi","Lager","<div class=""ql-editor"" data-gramm=""false"" contenteditable=""true""><p><span style=""color: rgb(26, 25, 25);"">Krossade tomater från Eldorado</span></p></div><div class=""ql-clipboard"" contenteditable=""true"" tabindex=""-1""></div><div class=""ql-tooltip ql-hidden""><a class=""ql-preview"" target=""_blank"" href=""about:blank""></a><input type=""text"" data-formula=""e=mc^2"" data-link=""https://quilljs.com"" data-video=""Embed URL""><a class=""ql-action""></a><a class=""ql-remove""></a></div>","Grekland","Krossade tomater 65%, tomatjuice 35%, surhetsreglerande medel (citronsyra).","<div class=""ql-editor"" data-gramm=""false"" contenteditable=""true""><p><span style=""color: rgb(38, 38, 58);"">Per 100 gram:</span></p><p><span style=""color: rgb(38, 38, 58);"">Energi 85 kJ/20 kcal</span></p><p><span style=""color: rgb(38, 38, 58);"">Fett 0 g</span></p><p><span style=""color: rgb(38, 38, 58);"">-varav mättat fett 0 g</span></p><p><span style=""color: rgb(38, 38, 58);"">Kolhydrat 3.5 g</span></p><p><span style=""color: rgb(38, 38, 58);"">-varav sockerarter 3.5 g</span></p><p><span style=""color: rgb(38, 38, 58);"">Fiber 0.8 g</span></p><p><span style=""color: rgb(38, 38, 58);"">Protein 1.1 g</span></p><p><span style=""color: rgb(38, 38, 58);"">Salt 0.08 g</span></p></div><div class=""ql-clipboard"" contenteditable=""true"" tabindex=""-1""></div><div class=""ql-tooltip ql-hidden""><a class=""ql-preview"" target=""_blank"" href=""about:blank""></a><input type=""text"" data-formula=""e=mc^2"" data-link=""https://quilljs.com"" data-video=""Embed URL""><a class=""ql-action""></a><a class=""ql-remove""></a></div>","Förvaras torrt och svalt. Öppnad förpackning förvaras i kylskåp +8°C, hållbar i cirka 3 dagar.","<div class=""ql-editor"" data-gramm=""false"" contenteditable=""true""><p>Livshem har ambitionen att alltid ge rätt produkt information. Förändringar i produktens innehåll kan ske över tid, kontrollera därför alltid före användning informationen på produktens förpackning.</p></div><div class=""ql-clipboard"" contenteditable=""true"" tabindex=""-1""></div><div class=""ql-tooltip ql-hidden""><a class=""ql-preview"" target=""_blank"" href=""about:blank""></a><input type=""text"" data-formula=""e=mc^2"" data-link=""https://quilljs.com"" data-video=""Embed URL""><a class=""ql-action""></a><a class=""ql-remove""></a></div>","","9,50","","19,00 kr/kg","","In Stock","500g","","Konserver & burkar","Tomatkonserver"
"262","https://livsham2.softwarebyte.co/assets/images/product_image/38285.jpg","Pizzasås","Skafferi","Lager","<div class=""ql-editor"" data-gramm=""false"" contenteditable=""true""><p><span style=""color: rgb(38, 38, 58);"">Pizzasås från Mutti.</span></p></div><div class=""ql-clipboard"" contenteditable=""true"" tabindex=""-1""></div><div class=""ql-tooltip ql-hidden""><a class=""ql-preview"" target=""_blank"" href=""about:blank""></a><input type=""text"" data-formula=""e=mc^2"" data-link=""https://quilljs.com"" data-video=""Embed URL""><a class=""ql-action""></a><a class=""ql-remove""></a></div>","Italien","Tomat 82,4%, vatten, salt, basilika 0,05%, oregano 0,04%, lök 0,03, naturlig arom.","<div class=""ql-editor"" data-gramm=""false"" contenteditable=""true""><p><span style=""color: rgb(38, 38, 58);"">Per 100 gram:</span></p><p><span style=""color: rgb(38, 38, 58);"">Energi 150 kJ/36 kcal</span></p><p><span style=""color: rgb(38, 38, 58);"">Fett &lt;0.5 g</span></p><p><span style=""color: rgb(38, 38, 58);"">-varav mättat fett &lt;0.1 g</span></p><p><span style=""color: rgb(38, 38, 58);"">Kolhydrat 5.4 g</span></p><p><span style=""color: rgb(38, 38, 58);"">-varav sockerarter 4.2 g</span></p><p><span style=""color: rgb(38, 38, 58);"">Protein 1.6 g</span></p><p><span style=""color: rgb(38, 38, 58);"">Salt 0.75 g</span></p></div><div class=""ql-clipboard"" contenteditable=""true"" tabindex=""-1""></div><div class=""ql-tooltip ql-hidden""><a class=""ql-preview"" target=""_blank"" href=""about:blank""></a><input type=""text"" data-formula=""e=mc^2"" data-link=""https://quilljs.com"" data-video=""Embed URL""><a class=""ql-action""></a><a class=""ql-remove""></a></div>","Öppnad burk förvaras i kylskåp och konsumeras inom 5 dagar","<div class=""ql-editor"" data-gramm=""false"" contenteditable=""true""><p>Livshem har ambitionen att alltid ge rätt produkt information. Förändringar i produktens innehåll kan ske över tid, kontrollera därför alltid före användning informationen på produktens förpackning.</p></div><div class=""ql-clipboard"" contenteditable=""true"" tabindex=""-1""></div><div class=""ql-tooltip ql-hidden""><a class=""ql-preview"" target=""_blank"" href=""about:blank""></a><input type=""text"" data-formula=""e=mc^2"" data-link=""https://quilljs.com"" data-video=""Embed URL""><a class=""ql-action""></a><a class=""ql-remove""></a></div>","","20,90","","52,25 kr/kg","","In Stock","400g","","Konserver & burkar","Tomatkonserver"
"263","https://livsham2.softwarebyte.co/assets/images/product_image/91924.jpg","Makrillfiléer i tomatsås","Skafferi","Lager","<div class=""ql-editor"" data-gramm=""false"" contenteditable=""true""><p>Makrillfiléer i tomatsås från Eldorado.</p></div><div class=""ql-clipboard"" contenteditable=""true"" tabindex=""-1""></div><div class=""ql-tooltip ql-hidden""><a class=""ql-preview"" target=""_blank"" href=""about:blank""></a><input type=""text"" data-formula=""e=mc^2"" data-link=""https://quilljs.com"" data-video=""Embed URL""><a class=""ql-action""></a><a class=""ql-remove""></a></div>","Lettland","MAKRILLFILÈ (Scomber scombrus) 64%, vatten, tomatpuré 13%, salt. Enstaka ben kan förekomma.","<div class=""ql-editor"" data-gramm=""false"" contenteditable=""true""><p><span style=""color: rgb(38, 38, 58);"">Per 100 gram:</span></p><p><span style=""color: rgb(38, 38, 58);"">Energi 665 kJ/160 kcal</span></p><p><span style=""color: rgb(38, 38, 58);"">Fett 11 g</span></p><p><span style=""color: rgb(38, 38, 58);"">-varav mättat fett 2.7 g</span></p><p><span style=""color: rgb(38, 38, 58);"">Kolhydrat 1.8 g</span></p><p><span style=""color: rgb(38, 38, 58);"">-varav sockerarter 1.8 g</span></p><p><span style=""color: rgb(38, 38, 58);"">Fiber 1.6 g</span></p><p><span style=""color: rgb(38, 38, 58);"">Protein 13 g</span></p><p><span style=""color: rgb(38, 38, 58);"">Salt 0.9 g</span></p></div><div class=""ql-clipboard"" contenteditable=""true"" tabindex=""-1""></div><div class=""ql-tooltip ql-hidden""><a class=""ql-preview"" target=""_blank"" href=""about:blank""></a><input type=""text"" data-formula=""e=mc^2"" data-link=""https://quilljs.com"" data-video=""Embed URL""><a class=""ql-action""></a><a class=""ql-remove""></a></div>","Förvaras torrt och svalt. Innehåll i öppnad förpackning förvaras i ett annat kärl i kylskåp +8°C i ca 2 dagar.","<div class=""ql-editor"" data-gramm=""false"" contenteditable=""true""><p>Livshem har ambitionen att alltid ge rätt produkt information. Förändringar i produktens innehåll kan ske över tid, kontrollera därför alltid före användning informationen på produktens förpackning.</p></div><div class=""ql-clipboard"" contenteditable=""true"" tabindex=""-1""></div><div class=""ql-tooltip ql-hidden""><a class=""ql-preview"" target=""_blank"" href=""about:blank""></a><input type=""text"" data-formula=""e=mc^2"" data-link=""https://quilljs.com"" data-video=""Embed URL""><a class=""ql-action""></a><a class=""ql-remove""></a></div>","","37,90","","101,07 kr/kg","","In Stock","3x125g","","Konserver & burkar","Fisk-& skaldjurskonserver"
"264","https://livsham2.softwarebyte.co/assets/images/product_image/57993.jpg","Trocadero","Dryck","Lager","<div class=""ql-editor"" data-gramm=""false"" contenteditable=""true""><p><span style=""color: rgb(58, 58, 58);"">Trocadero, som lanserades i Sverige i början av 50-talet, är en läsk med en alldeles egen smak och karaktär. Den speciella smaken är ett resultat av blandningen apelsin och äpple, en både spännande och ovanlig kombination som är frisk och mycket läskande.</span></p></div><div class=""ql-clipboard"" contenteditable=""true"" tabindex=""-1""></div><div class=""ql-tooltip ql-hidden""><a class=""ql-preview"" target=""_blank"" href=""about:blank""></a><input type=""text"" data-formula=""e=mc^2"" data-link=""https://quilljs.com"" data-video=""Embed URL""><a class=""ql-action""></a><a class=""ql-remove""></a></div>","Sverige","Kolsyrat vatten, socker, juice av apelsin och äpple, aromer (bl.a. koffein*), surhetsreglerande medel (citronsyra, fosforsyra), konserveringsmedel (kaliumsorbat), färgämne E150 d (sockerkulör) samt antioxidationsmedel (askorbinsyra) *koffeinmängd 7,9 mg/100 ml färdig dryck.","<div class=""ql-editor"" data-gramm=""false"" contenteditable=""true""><p><span style=""color: rgb(38, 38, 58);"">Per 100 ml:</span></p><p><span style=""color: rgb(38, 38, 58);"">Energi 170 kJ/40 kcal</span></p><p><span style=""color: rgb(38, 38, 58);"">Fett &lt;0.5 g</span></p><p><span style=""color: rgb(38, 38, 58);"">-varav mättat fett &lt;0.5 g</span></p><p><span style=""color: rgb(38, 38, 58);"">Kolhydrat 9.6 g</span></p><p><span style=""color: rgb(38, 38, 58);"">-varav sockerarter 9.5 g</span></p><p><span style=""color: rgb(38, 38, 58);"">Protein &lt;0.5 g</span></p><p><span style=""color: rgb(38, 38, 58);"">Salt &lt;0.1 g</span></p></div><div class=""ql-clipboard"" contenteditable=""true"" tabindex=""-1""></div><div class=""ql-tooltip ql-hidden""><a class=""ql-preview"" target=""_blank"" href=""about:blank""></a><input type=""text"" data-formula=""e=mc^2"" data-link=""https://quilljs.com"" data-video=""Embed URL""><a class=""ql-action""></a><a class=""ql-remove""></a></div>","Förvaras oöppnad i rumstemperatur. Serveras bäst kall.","<div class=""ql-editor"" data-gramm=""false"" contenteditable=""true""><p>Livshem har ambitionen att alltid ge rätt produkt information. Förändringar i produktens innehåll kan ske över tid, kontrollera därför alltid före användning informationen på produktens förpackning.</p></div><div class=""ql-clipboard"" contenteditable=""true"" tabindex=""-1""></div><div class=""ql-tooltip ql-hidden""><a class=""ql-preview"" target=""_blank"" href=""about:blank""></a><input type=""text"" data-formula=""e=mc^2"" data-link=""https://quilljs.com"" data-video=""Embed URL""><a class=""ql-action""></a><a class=""ql-remove""></a></div>","","6,95","","21,06 kr/l","","In Stock","33cl","","Läsk","Liten läsk"
"265","https://livsham2.softwarebyte.co/assets/images/product_image/14131.jpg","Trocadero Zero Sugar","Dryck","Lager","<div class=""ql-editor"" data-gramm=""false"" contenteditable=""true""><p><span style=""color: rgb(58, 58, 58);"">Trocadero Zero är en läsk med en alldeles egen smak och karaktär. Den speciella smaken är ett resultat av blandningen apelsin och äpple, en både spännande och ovanlig kombination som är frisk och mycket läskande.</span></p></div><div class=""ql-clipboard"" contenteditable=""true"" tabindex=""-1""></div><div class=""ql-tooltip ql-hidden""><a class=""ql-preview"" target=""_blank"" href=""about:blank""></a><input type=""text"" data-formula=""e=mc^2"" data-link=""https://quilljs.com"" data-video=""Embed URL""><a class=""ql-action""></a><a class=""ql-remove""></a></div>","Sverige","Kolsyrat vatten, juice av apelsin och äpple, aromer (bl.a. koffein*), surhetsreglerande medel (citronsyra, natriumcitrat, fosforsyra), konserveringsmedel kaliumsorbat, sötningsmedel (aspartam**, acesulfam K), färgämne E150d och antioxidationsmedel askorbinsyra. * Koffeinmängd 7,9 mg/100 ml färdig dryck. **Innehåller en källa till fenylalanin.","<div class=""ql-editor"" data-gramm=""false"" contenteditable=""true""><p><span style=""color: rgb(38, 38, 58);"">Per 100 ml:</span></p><p><span style=""color: rgb(38, 38, 58);"">Energi 7 kJ/2 kcal</span></p><p><span style=""color: rgb(38, 38, 58);"">Fett 0 g</span></p><p><span style=""color: rgb(38, 38, 58);"">-varav mättat fett 0 g</span></p><p><span style=""color: rgb(38, 38, 58);"">Kolhydrat 0 g</span></p><p><span style=""color: rgb(38, 38, 58);"">-varav sockerarter 0 g</span></p><p><span style=""color: rgb(38, 38, 58);"">Protein 0 g</span></p><p><span style=""color: rgb(38, 38, 58);"">Salt 0 g</span></p></div><div class=""ql-clipboard"" contenteditable=""true"" tabindex=""-1""></div><div class=""ql-tooltip ql-hidden""><a class=""ql-preview"" target=""_blank"" href=""about:blank""></a><input type=""text"" data-formula=""e=mc^2"" data-link=""https://quilljs.com"" data-video=""Embed URL""><a class=""ql-action""></a><a class=""ql-remove""></a></div>","Förvaras oöppnad i rumstemperatur. Serveras bäst kall.","<div class=""ql-editor"" data-gramm=""false"" contenteditable=""true""><p><span style=""color: rgb(33, 37, 41);"">Livshem har ambitionen att alltid ge rätt produkt information. Förändringar i produktens innehåll kan ske över tid, kontrollera därför alltid före användning informationen på produktens förpackning.</span></p></div><div class=""ql-clipboard"" contenteditable=""true"" tabindex=""-1""></div><div class=""ql-tooltip ql-hidden""><a class=""ql-preview"" target=""_blank"" href=""about:blank""></a><input type=""text"" data-formula=""e=mc^2"" data-link=""https://quilljs.com"" data-video=""Embed URL""><a class=""ql-action""></a><a class=""ql-remove""></a></div>","","6,95","","21,06 kr/l","","In Stock","33cl","","Läsk","Liten läsk"
"266","https://livsham2.softwarebyte.co/assets/images/product_image/66950.jpg","Trocadero Zero Sugar","Dryck","Lager","<div class=""ql-editor"" data-gramm=""false"" contenteditable=""true""><p><span style=""color: rgb(58, 58, 58);"">Trocadero Zero en sockerfri version baserad på originalet från 1953. Smaken av Trocadero är den samma idag som när den första flaskan öppnades. Men hur smakar den egentligen? Ja den frågan har många diskuterat. Apelsin och äpple hävdar den snusförnuftige. Och visst, det framgår av innehållsförteckningen. Troccaälskare funderar inte så mycket på saken. Trocadero smakar Trocadero och det är gott nog!</span></p></div><div class=""ql-clipboard"" contenteditable=""true"" tabindex=""-1""></div><div class=""ql-tooltip ql-hidden""><a class=""ql-preview"" target=""_blank"" href=""about:blank""></a><input type=""text"" data-formula=""e=mc^2"" data-link=""https://quilljs.com"" data-video=""Embed URL""><a class=""ql-action""></a><a class=""ql-remove""></a></div>","Sverige","Kolsyrat vatten, juice av apelsin och äpple, aromer (bl.a. koffein*), surhetsreglerande medel (citronsyra, natriumcitrat, fosforsyra), konserveringsmedel (kaliumsorbat, natriumbensoat), sötningsmedel (aspartam, acesulfam K), färgämne E150d och antioxidationsmedel (askorbinsyra) Innehåller en källa till fenylalanin. *koffeinmängd 7,9 mg/100 ml färdig dryck.","<div class=""ql-editor"" data-gramm=""false"" contenteditable=""true""><p><span style=""color: rgb(38, 38, 58);"">Per 100 ml:</span></p><p><span style=""color: rgb(38, 38, 58);"">Energi 7 kJ/2 kcal</span></p><p><span style=""color: rgb(38, 38, 58);"">Fett 0 g</span></p><p><span style=""color: rgb(38, 38, 58);"">-varav mättat fett 0 g</span></p><p><span style=""color: rgb(38, 38, 58);"">Kolhydrat 0 g</span></p><p><span style=""color: rgb(38, 38, 58);"">-varav sockerarter 0 g</span></p><p><span style=""color: rgb(38, 38, 58);"">Protein 0 g</span></p><p><span style=""color: rgb(38, 38, 58);"">Salt 0 g</span></p></div><div class=""ql-clipboard"" contenteditable=""true"" tabindex=""-1""></div><div class=""ql-tooltip ql-hidden""><a class=""ql-preview"" target=""_blank"" href=""about:blank""></a><input type=""text"" data-formula=""e=mc^2"" data-link=""https://quilljs.com"" data-video=""Embed URL""><a class=""ql-action""></a><a class=""ql-remove""></a></div>","Förvaras oöppnad i rumstemperatur. Serveras bäst kall.","<div class=""ql-editor"" data-gramm=""false"" contenteditable=""true""><p><span style=""color: rgb(33, 37, 41);"">Livshem har ambitionen att alltid ge rätt produkt information. Förändringar i produktens innehåll kan ske över tid, kontrollera därför alltid före användning informationen på produktens förpackning.</span></p></div><div class=""ql-clipboard"" contenteditable=""true"" tabindex=""-1""></div><div class=""ql-tooltip ql-hidden""><a class=""ql-preview"" target=""_blank"" href=""about:blank""></a><input type=""text"" data-formula=""e=mc^2"" data-link=""https://quilljs.com"" data-video=""Embed URL""><a class=""ql-action""></a><a class=""ql-remove""></a></div>","","15,95","","10,63 kr/l","","In Stock","1,5l","","Läsk","Stor läsk"
"267","https://livsham2.softwarebyte.co/assets/images/product_image/55798.jpg","Trocadero","Dryck","Lager","<div class=""ql-editor"" data-gramm=""false"" contenteditable=""true""><p><span style=""color: rgb(58, 58, 58);"">Trocadero, som lanserades i Sverige i början av 50-talet, är en läsk med en alldeles egen smak och karaktär. Den speciella smaken är ett resultat av blandningen apelsin och äpple, en både spännande och ovanlig kombination som är frisk och mycket läskande.</span></p></div><div class=""ql-clipboard"" contenteditable=""true"" tabindex=""-1""></div><div class=""ql-tooltip ql-hidden""><a class=""ql-preview"" target=""_blank"" href=""about:blank""></a><input type=""text"" data-formula=""e=mc^2"" data-link=""https://quilljs.com"" data-video=""Embed URL""><a class=""ql-action""></a><a class=""ql-remove""></a></div>","Sverige","Kolsyrat vatten, socker, juice av apelsin och äpple, aromer (bl.a. koffein*), surhetsreglerande medel (citronsyra, fosforsyra), konserveringsmedel (kaliumsorbat), färgämne E150 d (sockerkulör) samt antioxidationsmedel (askorbinsyra) *koffeinmängd 7,9 mg/100 ml färdig dryck.","<div class=""ql-editor"" data-gramm=""false"" contenteditable=""true""><p><span style=""color: rgb(38, 38, 58);"">Per 100 ml:</span></p><p><span style=""color: rgb(38, 38, 58);"">Energi 170 kJ/40 kcal</span></p><p><span style=""color: rgb(38, 38, 58);"">Fett &lt;0.5 g</span></p><p><span style=""color: rgb(38, 38, 58);"">-varav mättat fett &lt;0.5 g</span></p><p><span style=""color: rgb(38, 38, 58);"">Kolhydrat 9.6 g</span></p><p><span style=""color: rgb(38, 38, 58);"">-varav sockerarter 9.5 g</span></p><p><span style=""color: rgb(38, 38, 58);"">Protein &lt;0.5 g</span></p><p><span style=""color: rgb(38, 38, 58);"">Salt &lt;0.1 g</span></p></div><div class=""ql-clipboard"" contenteditable=""true"" tabindex=""-1""></div><div class=""ql-tooltip ql-hidden""><a class=""ql-preview"" target=""_blank"" href=""about:blank""></a><input type=""text"" data-formula=""e=mc^2"" data-link=""https://quilljs.com"" data-video=""Embed URL""><a class=""ql-action""></a><a class=""ql-remove""></a></div>","Förvaras oöppnad i rumstemperatur. Serveras bäst kall.","<div class=""ql-editor"" data-gramm=""false"" contenteditable=""true""><p><span style=""color: rgb(33, 37, 41);"">Livshem har ambitionen att alltid ge rätt produkt information. Förändringar i produktens innehåll kan ske över tid, kontrollera därför alltid före användning informationen på produktens förpackning.</span></p></div><div class=""ql-clipboard"" contenteditable=""true"" tabindex=""-1""></div><div class=""ql-tooltip ql-hidden""><a class=""ql-preview"" target=""_blank"" href=""about:blank""></a><input type=""text"" data-formula=""e=mc^2"" data-link=""https://quilljs.com"" data-video=""Embed URL""><a class=""ql-action""></a><a class=""ql-remove""></a></div>","","12,95","","25,90 kr/l","","In Stock","50cl","","Läsk","Liten läsk"
"268","https://livsham2.softwarebyte.co/assets/images/product_image/90016.jpg","Trocadero Zero Sugar","Dryck","Lager","<div class=""ql-editor"" data-gramm=""false"" contenteditable=""true""><p><span style=""color: rgb(58, 58, 58);"">Trocadero Zero en sockerfri version baserad på originalet från 1953. Smaken av Trocadero är den samma idag som när den första flaskan öppnades. Men hur smakar den egentligen? Ja den frågan har många diskuterat. Apelsin och äpple hävdar den snusförnuftige. Och visst, det framgår av innehållsförteckningen. Troccaälskare funderar inte så mycket på saken. Trocadero smakar Trocadero och det är gott nog!</span></p></div><div class=""ql-clipboard"" contenteditable=""true"" tabindex=""-1""></div><div class=""ql-tooltip ql-hidden""><a class=""ql-preview"" target=""_blank"" href=""about:blank""></a><input type=""text"" data-formula=""e=mc^2"" data-link=""https://quilljs.com"" data-video=""Embed URL""><a class=""ql-action""></a><a class=""ql-remove""></a></div>","Sverige","Kolsyrat vatten, juice av apelsin och äpple, aromer (bl.a. koffein*), surhetsreglerande medel (citronsyra, natriumcitrat, fosforsyra), konserveringsmedel (kaliumsorbat, natriumbensoat), sötningsmedel (aspartam, acesulfam K), färgämne E150d och antioxidationsmedel (askorbinsyra) Innehåller en källa till fenylalanin. *koffeinmängd 7,9 mg/100 ml färdig dryck.","<div class=""ql-editor"" data-gramm=""false"" contenteditable=""true""><p><span style=""color: rgb(38, 38, 58);"">Per 100 ml:</span></p><p><span style=""color: rgb(38, 38, 58);"">Energi 7 kJ/2 kcal</span></p><p><span style=""color: rgb(38, 38, 58);"">Fett 0 g</span></p><p><span style=""color: rgb(38, 38, 58);"">-varav mättat fett 0 g</span></p><p><span style=""color: rgb(38, 38, 58);"">Kolhydrat 0 g</span></p><p><span style=""color: rgb(38, 38, 58);"">-varav sockerarter 0 g</span></p><p><span style=""color: rgb(38, 38, 58);"">Protein 0 g</span></p><p><span style=""color: rgb(38, 38, 58);"">Salt 0 g</span></p></div><div class=""ql-clipboard"" contenteditable=""true"" tabindex=""-1""></div><div class=""ql-tooltip ql-hidden""><a class=""ql-preview"" target=""_blank"" href=""about:blank""></a><input type=""text"" data-formula=""e=mc^2"" data-link=""https://quilljs.com"" data-video=""Embed URL""><a class=""ql-action""></a><a class=""ql-remove""></a></div>","Förvaras oöppnad i rumstemperatur. Serveras bäst kall.","<div class=""ql-editor"" data-gramm=""false"" contenteditable=""true""><p><span style=""color: rgb(33, 37, 41);"">Livshem har ambitionen att alltid ge rätt produkt information. Förändringar i produktens innehåll kan ske över tid, kontrollera därför alltid före användning informationen på produktens förpackning.</span></p></div><div class=""ql-clipboard"" contenteditable=""true"" tabindex=""-1""></div><div class=""ql-tooltip ql-hidden""><a class=""ql-preview"" target=""_blank"" href=""about:blank""></a><input type=""text"" data-formula=""e=mc^2"" data-link=""https://quilljs.com"" data-video=""Embed URL""><a class=""ql-action""></a><a class=""ql-remove""></a></div>","","12,95","","25,90 kr/l","","In Stock","50cl","","Läsk","Liten läsk"
"269","https://livsham2.softwarebyte.co/assets/images/product_image/49933.jpg","Zingo","Dryck","Lager","<div class=""ql-editor"" data-gramm=""false"" contenteditable=""true""><p><span style=""color: rgb(58, 58, 58);"">Zingo Apelsin är en kolsyrad läskedryck med fräsch smak av apelsin. En svensk klassiker som är älskad av barn i alla åldrar sedan den introducerades på 1950-talet. Zingo Apelsin bör serveras väl kyld. Passar perfekt till mat, fika eller snacks. Närhelst du är sugen på något uppfriskande helt enkelt.</span></p></div><div class=""ql-clipboard"" contenteditable=""true"" tabindex=""-1""></div><div class=""ql-tooltip ql-hidden""><a class=""ql-preview"" target=""_blank"" href=""about:blank""></a><input type=""text"" data-formula=""e=mc^2"" data-link=""https://quilljs.com"" data-video=""Embed URL""><a class=""ql-action""></a><a class=""ql-remove""></a></div>","Sverige","Kolsyrat vatten, socker, apelsinjuice (8%) från koncentrat, syra (citronsyra), konserveringsmedel (kaliumsorbat), naturlig apelsinarom, antioxidationsmedel (askorbinsyra), färgämne (karotener).","<div class=""ql-editor"" data-gramm=""false"" contenteditable=""true""><p><span style=""color: rgb(38, 38, 58);"">Per 100 ml:</span></p><p><span style=""color: rgb(38, 38, 58);"">Energi 197 kJ/47 kcal</span></p><p><span style=""color: rgb(38, 38, 58);"">Fett 0 g</span></p><p><span style=""color: rgb(38, 38, 58);"">-varav mättat fett 0 g</span></p><p><span style=""color: rgb(38, 38, 58);"">Kolhydrat 11 g</span></p><p><span style=""color: rgb(38, 38, 58);"">-varav sockerarter 11 g</span></p><p><span style=""color: rgb(38, 38, 58);"">Protein 0 g</span></p><p><span style=""color: rgb(38, 38, 58);"">Salt 0 g</span></p></div><div class=""ql-clipboard"" contenteditable=""true"" tabindex=""-1""></div><div class=""ql-tooltip ql-hidden""><a class=""ql-preview"" target=""_blank"" href=""about:blank""></a><input type=""text"" data-formula=""e=mc^2"" data-link=""https://quilljs.com"" data-video=""Embed URL""><a class=""ql-action""></a><a class=""ql-remove""></a></div>","Förvaras oöppnad i rumstemperatur. Serveras bäst kall.","<div class=""ql-editor"" data-gramm=""false"" contenteditable=""true""><p><span style=""color: rgb(33, 37, 41);"">Livshem har ambitionen att alltid ge rätt produkt information. Förändringar i produktens innehåll kan ske över tid, kontrollera därför alltid före användning informationen på produktens förpackning.</span></p></div><div class=""ql-clipboard"" contenteditable=""true"" tabindex=""-1""></div><div class=""ql-tooltip ql-hidden""><a class=""ql-preview"" target=""_blank"" href=""about:blank""></a><input type=""text"" data-formula=""e=mc^2"" data-link=""https://quilljs.com"" data-video=""Embed URL""><a class=""ql-action""></a><a class=""ql-remove""></a></div>","","19,95","","13,30 kr/l","","In Stock","1,5l","","Läsk","Stor läsk"
"270","https://livsham2.softwarebyte.co/assets/images/product_image/58154.jpg","Zingo Sockerfri","Dryck","Lager","<div class=""ql-editor"" data-gramm=""false"" contenteditable=""true""><p><span style=""color: rgb(58, 58, 58);"">Du älskar sommaren. Vi förstår, det gör vi också. Tyvärr är den inte så lång så därför har vi skapat Zingo med det typ allra somrigaste vi vet - APELSIN! Smakar fantastiskt och är dessutom sockerfri! Given succe året runt för den där magiska sommarkänslan.</span></p></div><div class=""ql-clipboard"" contenteditable=""true"" tabindex=""-1""></div><div class=""ql-tooltip ql-hidden""><a class=""ql-preview"" target=""_blank"" href=""about:blank""></a><input type=""text"" data-formula=""e=mc^2"" data-link=""https://quilljs.com"" data-video=""Embed URL""><a class=""ql-action""></a><a class=""ql-remove""></a></div>","Sverige","Kolsyrat vatten, apelsinjuice (5,0%) från koncentrat, syra (citronsyra), stabiliseringsmedel (gummi arabicum, glycerolestrar av trähartser, guarkärnmjöl) sötningsmedel (sukralos, acesulfam K), naturlig apelsinarom med andra naturliga aromer, konserveringsmedel (kaliumsorbat), färgämne (karotener).","<div class=""ql-editor"" data-gramm=""false"" contenteditable=""true""><p><span style=""color: rgb(38, 38, 58);"">Per 100 ml:</span></p><p><span style=""color: rgb(38, 38, 58);"">Energi 13 kJ/3 kcal</span></p><p><span style=""color: rgb(38, 38, 58);"">Fett &lt;0.5 g</span></p><p><span style=""color: rgb(38, 38, 58);"">-varav mättat fett &lt;0.1 g</span></p><p><span style=""color: rgb(38, 38, 58);"">Kolhydrat &lt;0.5 g</span></p><p><span style=""color: rgb(38, 38, 58);"">-varav sockerarter &lt;0.5 g</span></p><p><span style=""color: rgb(38, 38, 58);"">Protein &lt;0.5 g</span></p><p><span style=""color: rgb(38, 38, 58);"">Salt &lt;0.01 g</span></p></div><div class=""ql-clipboard"" contenteditable=""true"" tabindex=""-1""></div><div class=""ql-tooltip ql-hidden""><a class=""ql-preview"" target=""_blank"" href=""about:blank""></a><input type=""text"" data-formula=""e=mc^2"" data-link=""https://quilljs.com"" data-video=""Embed URL""><a class=""ql-action""></a><a class=""ql-remove""></a></div>","Förvaras oöppnad i rumstemperatur. Serveras bäst kall.","<div class=""ql-editor"" data-gramm=""false"" contenteditable=""true""><p><span style=""color: rgb(33, 37, 41);"">Livshem har ambitionen att alltid ge rätt produkt information. Förändringar i produktens innehåll kan ske över tid, kontrollera därför alltid före användning informationen på produktens förpackning.</span></p></div><div class=""ql-clipboard"" contenteditable=""true"" tabindex=""-1""></div><div class=""ql-tooltip ql-hidden""><a class=""ql-preview"" target=""_blank"" href=""about:blank""></a><input type=""text"" data-formula=""e=mc^2"" data-link=""https://quilljs.com"" data-video=""Embed URL""><a class=""ql-action""></a><a class=""ql-remove""></a></div>","","19,95","","13,30 kr/l","","In Stock","1,5l","","Läsk","Stor läsk"
"271","https://livsham2.softwarebyte.co/assets/images/product_image/31513.jpg","Zingo","Dryck","Lager","<div class=""ql-editor"" data-gramm=""false"" contenteditable=""true""><p><span style=""color: rgb(58, 58, 58);"">Zingo Apelsin är en kolsyrad läskedryck med fräsch smak av apelsin. En svensk klassiker som är älskad av barn i alla åldrar sedan den introducerades på 1950-talet. Zingo Apelsin bör serveras väl kyld. Passar perfekt till mat, fika eller snacks. Närhelst du är sugen på något uppfriskande helt enkelt.</span></p></div><div class=""ql-clipboard"" contenteditable=""true"" tabindex=""-1""></div><div class=""ql-tooltip ql-hidden""><a class=""ql-preview"" target=""_blank"" href=""about:blank""></a><input type=""text"" data-formula=""e=mc^2"" data-link=""https://quilljs.com"" data-video=""Embed URL""><a class=""ql-action""></a><a class=""ql-remove""></a></div>","Sverige","Ingredienser: Kolsyrat vatten, socker, apelsinjuice (8%) från koncentrat, syra (citronsyra), konserveringsmedel (kaliumsorbat), naturlig apelsinarom, antioxidationsmedel (askorbinsyra), färgämne (karotener).","<div class=""ql-editor"" data-gramm=""false"" contenteditable=""true""><p><span style=""color: rgb(38, 38, 58);"">Per 100 ml:</span></p><p><span style=""color: rgb(38, 38, 58);"">Energi 197 kJ/47 kcal</span></p><p><span style=""color: rgb(38, 38, 58);"">Fett 0 g</span></p><p><span style=""color: rgb(38, 38, 58);"">-varav mättat fett 0 g</span></p><p><span style=""color: rgb(38, 38, 58);"">Kolhydrat 11 g</span></p><p><span style=""color: rgb(38, 38, 58);"">-varav sockerarter 11 g</span></p><p><span style=""color: rgb(38, 38, 58);"">Protein 0 g</span></p><p><span style=""color: rgb(38, 38, 58);"">Salt 0 g</span></p></div><div class=""ql-clipboard"" contenteditable=""true"" tabindex=""-1""></div><div class=""ql-tooltip ql-hidden""><a class=""ql-preview"" target=""_blank"" href=""about:blank""></a><input type=""text"" data-formula=""e=mc^2"" data-link=""https://quilljs.com"" data-video=""Embed URL""><a class=""ql-action""></a><a class=""ql-remove""></a></div>","Förvaras oöppnad i rumstemperatur. Serveras bäst kall.","<div class=""ql-editor"" data-gramm=""false"" contenteditable=""true""><p><span style=""color: rgb(33, 37, 41);"">Livshem har ambitionen att alltid ge rätt produkt information. Förändringar i produktens innehåll kan ske över tid, kontrollera därför alltid före användning informationen på produktens förpackning.</span></p></div><div class=""ql-clipboard"" contenteditable=""true"" tabindex=""-1""></div><div class=""ql-tooltip ql-hidden""><a class=""ql-preview"" target=""_blank"" href=""about:blank""></a><input type=""text"" data-formula=""e=mc^2"" data-link=""https://quilljs.com"" data-video=""Embed URL""><a class=""ql-action""></a><a class=""ql-remove""></a></div>","","7,95","","24,09 kr/l","","In Stock","33cl","","Läsk","Liten läsk"
"272","https://livsham2.softwarebyte.co/assets/images/product_image/41643.jpg","Zingo citron sockerfri","Dryck","Lager","<div class=""ql-editor"" data-gramm=""false"" contenteditable=""true""><p><span style=""color: rgb(38, 38, 58);"">Zingo sockerfri är en kolsyrad läsk med en fräsch smak av citron. Zingo är en svensk klassiker som är älskad av barn i alla åldrar sedan den introducerades på 1950-talet. När Zingo lanserades kallades den ursprungligen Ingo-läsk, uppkallad efter boxaren och legenden Ingemar ""Ingo"" Johansson. Drycken döptes sedan om till Zingo. Zingo hade från början slogan ""försvinnande gott"". Den ursprungliga smaken på läskedrycken var apelsin, men på 70 talet var kreativiteten stor och nya smaker, som banan, choklad och päron lanserades. Zingo Citron bör serveras väl kylda. Passar perfekt till mat, fika eller snacks. Närhelst du är sugen på något uppfriskande helt enkelt och dessutom sockerfri.</span></p></div><div class=""ql-clipboard"" contenteditable=""true"" tabindex=""-1""></div><div class=""ql-tooltip ql-hidden""><a class=""ql-preview"" target=""_blank"" href=""about:blank""></a><input type=""text"" data-formula=""e=mc^2"" data-link=""https://quilljs.com"" data-video=""Embed URL""><a class=""ql-action""></a><a class=""ql-remove""></a></div>","Sverige","Kolsyrat vatten, fruktjuice (3,5% äpple, 0,5% citron) från koncentrat, naturlig citron- och limeaROM, syra (citronsyra), sötningsmedel (aspartam, acesulfam K), antioxidationsmedel (askorbinsyra), konserveringsmedel (kaliumsorbat), färgämne (karotener). Innehåller en källa till FENYLALANIN.","<div class=""ql-editor"" data-gramm=""false"" contenteditable=""true""><p><span style=""color: rgb(38, 38, 58);"">Per 100 ml:</span></p><p><span style=""color: rgb(38, 38, 58);"">Energi 12 kJ/3 kcal</span></p><p><span style=""color: rgb(38, 38, 58);"">Fett 0 g</span></p><p><span style=""color: rgb(38, 38, 58);"">- Varav mättat fett 0 g</span></p><p><span style=""color: rgb(38, 38, 58);"">Kolhydrat 0.5 g</span></p><p><span style=""color: rgb(38, 38, 58);"">- Varav sockerarter 0.5 g</span></p><p><span style=""color: rgb(38, 38, 58);"">Protein 0 g</span></p><p><span style=""color: rgb(38, 38, 58);"">Salt 0 g</span></p></div><div class=""ql-clipboard"" contenteditable=""true"" tabindex=""-1""></div><div class=""ql-tooltip ql-hidden""><a class=""ql-preview"" target=""_blank"" href=""about:blank""></a><input type=""text"" data-formula=""e=mc^2"" data-link=""https://quilljs.com"" data-video=""Embed URL""><a class=""ql-action""></a><a class=""ql-remove""></a></div>","Förvaras oöppnad i rumstemperatur. Serveras bäst kall.","<div class=""ql-editor"" data-gramm=""false"" contenteditable=""true""><p><span style=""color: rgb(33, 37, 41);"">Livshem har ambitionen att alltid ge rätt produkt information. Förändringar i produktens innehåll kan ske över tid, kontrollera därför alltid före användning informationen på produktens förpackning.</span></p></div><div class=""ql-clipboard"" contenteditable=""true"" tabindex=""-1""></div><div class=""ql-tooltip ql-hidden""><a class=""ql-preview"" target=""_blank"" href=""about:blank""></a><input type=""text"" data-formula=""e=mc^2"" data-link=""https://quilljs.com"" data-video=""Embed URL""><a class=""ql-action""></a><a class=""ql-remove""></a></div>","","8,95","","27,12 kr/l","","In Stock","33cl","","Läsk","Liten läsk"
"273","https://livsham2.softwarebyte.co/assets/images/product_image/80228.jpg","Pepsi","Dryck","Lager","<div class=""ql-editor"" data-gramm=""false"" contenteditable=""true""><p><span style=""color: rgb(58, 58, 58);"">Pepsi är ett av världens starkaste varumärken och Pepsi reg är också ett av de absolut mest sålda läskvarumärkena. Pepsi är en coladryck med en bra balans mellan söta och syrliga toner. Pepsi bör serveras väl kyld, gärna med is. Passar såväl till mat och snacks som att avnjutas för sig själv.</span></p></div><div class=""ql-clipboard"" contenteditable=""true"" tabindex=""-1""></div><div class=""ql-tooltip ql-hidden""><a class=""ql-preview"" target=""_blank"" href=""about:blank""></a><input type=""text"" data-formula=""e=mc^2"" data-link=""https://quilljs.com"" data-video=""Embed URL""><a class=""ql-action""></a><a class=""ql-remove""></a></div>","Sverige","Kolsyrat vatten, socker, färgämne (E 150d), surhetsreglerande medel (fosforsyra), aromämnen (inkl. koffein), sötningsmedel (acesulfam K, sukralos).","<div class=""ql-editor"" data-gramm=""false"" contenteditable=""true""><p>Per 100 ml:</p><p>Energi 119 kJ/28 kcal</p><p>Fett 0 g</p><p>-varav mättat fett 0 g</p><p>Kolhydrat 7 g</p><p>-varav sockerarter 7 g</p><p>Protein 0 g</p><p>Salt &lt;0.01 g</p></div><div class=""ql-clipboard"" contenteditable=""true"" tabindex=""-1""></div><div class=""ql-tooltip ql-hidden""><a class=""ql-preview"" target=""_blank"" href=""about:blank""></a><input type=""text"" data-formula=""e=mc^2"" data-link=""https://quilljs.com"" data-video=""Embed URL""><a class=""ql-action""></a><a class=""ql-remove""></a></div>","Förvaras oöppnad i rumstemperatur. Serveras bäst kall.","<div class=""ql-editor"" data-gramm=""false"" contenteditable=""true""><p><span style=""color: rgb(33, 37, 41);"">Livshem har ambitionen att alltid ge rätt produkt information. Förändringar i produktens innehåll kan ske över tid, kontrollera därför alltid före användning informationen på produktens förpackning.</span></p></div><div class=""ql-clipboard"" contenteditable=""true"" tabindex=""-1""></div><div class=""ql-tooltip ql-hidden""><a class=""ql-preview"" target=""_blank"" href=""about:blank""></a><input type=""text"" data-formula=""e=mc^2"" data-link=""https://quilljs.com"" data-video=""Embed URL""><a class=""ql-action""></a><a class=""ql-remove""></a></div>","","19,95","","13,30 kr/l","","In Stock","1,5l","","Läsk","Stor läsk"
"274","https://livsham2.softwarebyte.co/assets/images/product_image/99971.jpg","Pepsi Max","Dryck","Lager","<div class=""ql-editor"" data-gramm=""false"" contenteditable=""true""><p><span style=""color: rgb(58, 58, 58);"">Pepsi är ett av världens starkaste varumärken och Pepsi Max är också ett av de absolut mest sålda läskvarumärkena i det sockerfria segmentet. Pepsi Max är en sockerfri coladryck med en bra balans mellan söta och syrliga toner. Pepsi Max bör serveras väl kyld, gärna med is. Passar såväl till mat och snacks som att avnjutas för sig själv.</span></p></div><div class=""ql-clipboard"" contenteditable=""true"" tabindex=""-1""></div><div class=""ql-tooltip ql-hidden""><a class=""ql-preview"" target=""_blank"" href=""about:blank""></a><input type=""text"" data-formula=""e=mc^2"" data-link=""https://quilljs.com"" data-video=""Embed URL""><a class=""ql-action""></a><a class=""ql-remove""></a></div>","Sverige","Kolsyrat vatten, färgämne (E 150d), sötningsmedel (aspartam, acesulfam k), surhetsreglerande medel (fosforsyra, citronsyra, natriumcitrat), aromämnen (inkl. koffein). Innehåller en fenylalaninkälla.","<div class=""ql-editor"" data-gramm=""false"" contenteditable=""true""><p>Per 100 ml:</p><p>Energi 1 kJ/0.2 kcal</p><p>Fett 0 g</p><p>-varav mättat fett 0 g</p><p>Kolhydrat 0 g</p><p>-varav sockerarter 0 g</p><p>Protein 0 g</p><p>Salt 0.1 g</p></div><div class=""ql-clipboard"" contenteditable=""true"" tabindex=""-1""></div><div class=""ql-tooltip ql-hidden""><a class=""ql-preview"" target=""_blank"" href=""about:blank""></a><input type=""text"" data-formula=""e=mc^2"" data-link=""https://quilljs.com"" data-video=""Embed URL""><a class=""ql-action""></a><a class=""ql-remove""></a></div>","Förvaras oöppnad i rumstemperatur. Serveras bäst kall.","<div class=""ql-editor"" data-gramm=""false"" contenteditable=""true""><p><span style=""color: rgb(33, 37, 41);"">Livshem har ambitionen att alltid ge rätt produkt information. Förändringar i produktens innehåll kan ske över tid, kontrollera därför alltid före användning informationen på produktens förpackning.</span></p></div><div class=""ql-clipboard"" contenteditable=""true"" tabindex=""-1""></div><div class=""ql-tooltip ql-hidden""><a class=""ql-preview"" target=""_blank"" href=""about:blank""></a><input type=""text"" data-formula=""e=mc^2"" data-link=""https://quilljs.com"" data-video=""Embed URL""><a class=""ql-action""></a><a class=""ql-remove""></a></div>","","19,95","","13,30 kr/l","","In Stock","1,5l","","Läsk","Stor läsk"
"275","https://livsham2.softwarebyte.co/assets/images/product_image/17846.jpg","Pepsi","Dryck","Lager","<div class=""ql-editor"" data-gramm=""false"" contenteditable=""true""><p><span style=""color: rgb(58, 58, 58);"">Pepsi är ett av världens starkaste varumärken och Pepsi reg är också ett av de absolut mest sålda läskvarumärkena. Pepsi är en coladryck med en bra balans mellan söta och syrliga toner. Pepsi bör serveras väl kyld, gärna med is. Passar såväl till mat och snacks som att avnjutas för sig själv.</span></p></div><div class=""ql-clipboard"" contenteditable=""true"" tabindex=""-1""></div><div class=""ql-tooltip ql-hidden""><a class=""ql-preview"" target=""_blank"" href=""about:blank""></a><input type=""text"" data-formula=""e=mc^2"" data-link=""https://quilljs.com"" data-video=""Embed URL""><a class=""ql-action""></a><a class=""ql-remove""></a></div>","Sverige","Kolsyrat vatten, socker, färgämne (E 150d), surhetsreglerande medel (fosforsyra), aromämnen (inkl. koffein), sötningsmedel (acesulfam K, sukralos).","<div class=""ql-editor"" data-gramm=""false"" contenteditable=""true""><p>Per 100 ml:</p><p>Energi 119 kJ/28 kcal</p><p>Fett 0 g</p><p>-varav mättat fett 0 g</p><p>Kolhydrat 7 g</p><p>-varav sockerarter 7 g</p><p>Protein 0 g</p><p>Salt &lt;0.01 g</p></div><div class=""ql-clipboard"" contenteditable=""true"" tabindex=""-1""></div><div class=""ql-tooltip ql-hidden""><a class=""ql-preview"" target=""_blank"" href=""about:blank""></a><input type=""text"" data-formula=""e=mc^2"" data-link=""https://quilljs.com"" data-video=""Embed URL""><a class=""ql-action""></a><a class=""ql-remove""></a></div>","Förvaras oöppnad i rumstemperatur. Serveras bäst kall.","<div class=""ql-editor"" data-gramm=""false"" contenteditable=""true""><p><span style=""color: rgb(33, 37, 41);"">Livshem har ambitionen att alltid ge rätt produkt information. Förändringar i produktens innehåll kan ske över tid, kontrollera därför alltid före användning informationen på produktens förpackning.</span></p></div><div class=""ql-clipboard"" contenteditable=""true"" tabindex=""-1""></div><div class=""ql-tooltip ql-hidden""><a class=""ql-preview"" target=""_blank"" href=""about:blank""></a><input type=""text"" data-formula=""e=mc^2"" data-link=""https://quilljs.com"" data-video=""Embed URL""><a class=""ql-action""></a><a class=""ql-remove""></a></div>","","13,95","","27,90 kr/l","","In Stock","50cl","","Läsk","Liten läsk"
"276","https://livsham2.softwarebyte.co/assets/images/product_image/48521.jpg","Pepsi Max","Dryck","Lager","<div class=""ql-editor"" data-gramm=""false"" contenteditable=""true""><p><span style=""color: rgb(58, 58, 58);"">Pepsi är ett av världens starkaste varumärken och Pepsi Max är också ett av de absolut mest sålda läskvarumärkena i det sockerfria segmentet. Pepsi Max är en sockerfri coladryck med en bra balans mellan söta och syrliga toner. Pepsi Max bör serveras väl kyld, gärna med is. Passar såväl till mat och snacks som att avnjutas för sig själv.</span></p></div><div class=""ql-clipboard"" contenteditable=""true"" tabindex=""-1""></div><div class=""ql-tooltip ql-hidden""><a class=""ql-preview"" target=""_blank"" href=""about:blank""></a><input type=""text"" data-formula=""e=mc^2"" data-link=""https://quilljs.com"" data-video=""Embed URL""><a class=""ql-action""></a><a class=""ql-remove""></a></div>","Sverige","Kolsyrat vatten, färgämne (E 150d), sötningsmedel (aspartam, acesulfam K), surhetsreglerande medel (fosforsyra, citronsyra, natriumcitrat), aromämnen (inkl. koffein). Innehåller en fenylalaninkälla.","<div class=""ql-editor"" data-gramm=""false"" contenteditable=""true""><p>Per 100 gram:</p><p>Energi 1 kJ/0.2 kcal</p><p>Fett 0 g</p><p>-varav mättat fett 0 g</p><p>Kolhydrat 0 g</p><p>-varav sockerarter 0 g</p><p>Protein 0.1 g</p><p>Salt &lt;0.1 g</p></div><div class=""ql-clipboard"" contenteditable=""true"" tabindex=""-1""></div><div class=""ql-tooltip ql-hidden""><a class=""ql-preview"" target=""_blank"" href=""about:blank""></a><input type=""text"" data-formula=""e=mc^2"" data-link=""https://quilljs.com"" data-video=""Embed URL""><a class=""ql-action""></a><a class=""ql-remove""></a></div>","Förvaras oöppnad i rumstemperatur. Serveras bäst kall.","<div class=""ql-editor"" data-gramm=""false"" contenteditable=""true""><p><span style=""color: rgb(33, 37, 41);"">Livshem har ambitionen att alltid ge rätt produkt information. Förändringar i produktens innehåll kan ske över tid, kontrollera därför alltid före användning informationen på produktens förpackning.</span></p></div><div class=""ql-clipboard"" contenteditable=""true"" tabindex=""-1""></div><div class=""ql-tooltip ql-hidden""><a class=""ql-preview"" target=""_blank"" href=""about:blank""></a><input type=""text"" data-formula=""e=mc^2"" data-link=""https://quilljs.com"" data-video=""Embed URL""><a class=""ql-action""></a><a class=""ql-remove""></a></div>","","13,95","","27,90 kr/l","","In Stock","50cl","","Läsk","Liten läsk"
"277","https://livsham2.softwarebyte.co/assets/images/product_image/94.jpg","Pepsi","Dryck","Lager","<div class=""ql-editor"" data-gramm=""false"" contenteditable=""true""><p><span style=""color: rgb(58, 58, 58);"">Pepsi är ett av världens starkaste varumärken och Pepsi original är också ett av de absolut mest sålda läskvarumärkena. Pepsi original är en cola med en bra balans mellan söta och syrliga toner, precis som cola ska smaka. Pepsi original bör serveras väl kyld, gärna med is. Passar såväl till mat och snacks som att avnjutas för sig själv.</span></p></div><div class=""ql-clipboard"" contenteditable=""true"" tabindex=""-1""></div><div class=""ql-tooltip ql-hidden""><a class=""ql-preview"" target=""_blank"" href=""about:blank""></a><input type=""text"" data-formula=""e=mc^2"" data-link=""https://quilljs.com"" data-video=""Embed URL""><a class=""ql-action""></a><a class=""ql-remove""></a></div>","Sverige","Kolsyrat vatten, socker, färgämne (E 150d), surhetsreglerande medel (fosforsyra), aromämnen (inkl. koffein), sötningsmedel (acesulfam K, sukralos).","<div class=""ql-editor"" data-gramm=""false"" contenteditable=""true""><p>Per 100 ml:</p><p>Energi 119 kJ/28 kcal</p><p>Fett 0 g</p><p>-varav mättat fett 0 g</p><p>Kolhydrat 7 g</p><p>-varav sockerarter 7 g</p><p>Protein 0 g</p><p>Salt &lt;0.01 g</p></div><div class=""ql-clipboard"" contenteditable=""true"" tabindex=""-1""></div><div class=""ql-tooltip ql-hidden""><a class=""ql-preview"" target=""_blank"" href=""about:blank""></a><input type=""text"" data-formula=""e=mc^2"" data-link=""https://quilljs.com"" data-video=""Embed URL""><a class=""ql-action""></a><a class=""ql-remove""></a></div>","Förvaras oöppnad i rumstemperatur. Serveras bäst kall.","<div class=""ql-editor"" data-gramm=""false"" contenteditable=""true""><p><span style=""color: rgb(33, 37, 41);"">Livshem har ambitionen att alltid ge rätt produkt information. Förändringar i produktens innehåll kan ske över tid, kontrollera därför alltid före användning informationen på produktens förpackning.</span></p></div><div class=""ql-clipboard"" contenteditable=""true"" tabindex=""-1""></div><div class=""ql-tooltip ql-hidden""><a class=""ql-preview"" target=""_blank"" href=""about:blank""></a><input type=""text"" data-formula=""e=mc^2"" data-link=""https://quilljs.com"" data-video=""Embed URL""><a class=""ql-action""></a><a class=""ql-remove""></a></div>","","8,95","","27,12 kr/l","","In Stock","33cl","","Läsk","Liten läsk"
"278","https://livsham2.softwarebyte.co/assets/images/product_image/30733.jpg","Pepsi Max","Dryck","Lager","<div class=""ql-editor"" data-gramm=""false"" contenteditable=""true""><p><span style=""color: rgb(58, 58, 58);"">Pepsi är ett av världens starkaste varumärken och Pepsi original är också ett av de absolut mest sålda läskvarumärkena. Pepsi original är en cola med en bra balans mellan söta och syrliga toner, precis som cola ska smaka. Pepsi original bör serveras väl kyld, gärna med is. Passar såväl till mat och snacks som att avnjutas för sig själv.</span></p></div><div class=""ql-clipboard"" contenteditable=""true"" tabindex=""-1""></div><div class=""ql-tooltip ql-hidden""><a class=""ql-preview"" target=""_blank"" href=""about:blank""></a><input type=""text"" data-formula=""e=mc^2"" data-link=""https://quilljs.com"" data-video=""Embed URL""><a class=""ql-action""></a><a class=""ql-remove""></a></div>","Sverige","Kolsyrat vatten, färgämne (E 150d), sötningsmedel (aspartam, acesulfam K),surhetsreglerande medel (fosforsyra, citronsyra, natriumcitrat), aromämnen (inkl. koffein).Innehåller en fenylalaninkälla.","<div class=""ql-editor"" data-gramm=""false"" contenteditable=""true""><p><span style=""color: rgb(38, 38, 58);"">Per 100 ml:</span></p><p><span style=""color: rgb(38, 38, 58);"">Energi 1 kJ/0.2 kcal</span></p><p><span style=""color: rgb(38, 38, 58);"">Fett 0 g</span></p><p><span style=""color: rgb(38, 38, 58);"">-varav mättat fett 0 g</span></p><p><span style=""color: rgb(38, 38, 58);"">Kolhydrat 0 g</span></p><p><span style=""color: rgb(38, 38, 58);"">-varav sockerarter 0 g</span></p><p><span style=""color: rgb(38, 38, 58);"">Protein 0 g</span></p><p><span style=""color: rgb(38, 38, 58);"">Salt &lt;0.1 g</span></p></div><div class=""ql-clipboard"" contenteditable=""true"" tabindex=""-1""></div><div class=""ql-tooltip ql-hidden""><a class=""ql-preview"" target=""_blank"" href=""about:blank""></a><input type=""text"" data-formula=""e=mc^2"" data-link=""https://quilljs.com"" data-video=""Embed URL""><a class=""ql-action""></a><a class=""ql-remove""></a></div>","Förvaras oöppnad i rumstemperatur. Serveras bäst kall.","<div class=""ql-editor"" data-gramm=""false"" contenteditable=""true""><p><span style=""color: rgb(33, 37, 41);"">Livshem har ambitionen att alltid ge rätt produkt information. Förändringar i produktens innehåll kan ske över tid, kontrollera därför alltid före användning informationen på produktens förpackning.</span></p></div><div class=""ql-clipboard"" contenteditable=""true"" tabindex=""-1""></div><div class=""ql-tooltip ql-hidden""><a class=""ql-preview"" target=""_blank"" href=""about:blank""></a><input type=""text"" data-formula=""e=mc^2"" data-link=""https://quilljs.com"" data-video=""Embed URL""><a class=""ql-action""></a><a class=""ql-remove""></a></div>","","8,95","","27,12 kr/l","","In Stock","33cl","","Läsk","Liten läsk"
"279","https://livsham2.softwarebyte.co/assets/images/product_image/78061.jpg","Pepsi 20-pack","Dryck","Lager","<div class=""ql-editor"" data-gramm=""false"" contenteditable=""true""><p><span style=""color: rgb(58, 58, 58);"">Pepsi är ett av världens starkaste varumärken och Pepsi reg är också ett av de absolut mest sålda läskvarumärkena. Pepsi är en coladryck med en bra balans mellan söta och syrliga toner. Pepsi bör serveras väl kyld, gärna med is. Passar såväl till mat och snacks som att avnjutas för sig själv.</span></p></div><div class=""ql-clipboard"" contenteditable=""true"" tabindex=""-1""></div><div class=""ql-tooltip ql-hidden""><a class=""ql-preview"" target=""_blank"" href=""about:blank""></a><input type=""text"" data-formula=""e=mc^2"" data-link=""https://quilljs.com"" data-video=""Embed URL""><a class=""ql-action""></a><a class=""ql-remove""></a></div>","Sverige","Kolsyrat vatten, socker, färgämne (E 150d), surhetsreglerande medel (fosforsyra), aromämnen (inkl. koffein), sötningsmedel (acesulfam K, sukralos).","<div class=""ql-editor"" data-gramm=""false"" contenteditable=""true""><p><span style=""color: rgb(38, 38, 58);"">Per 100 ml:</span></p><p><span style=""color: rgb(38, 38, 58);"">Energi 119 kJ/28 kcal</span></p><p><span style=""color: rgb(38, 38, 58);"">Fett 0 g</span></p><p><span style=""color: rgb(38, 38, 58);"">- Varav mättat fett 0 g</span></p><p><span style=""color: rgb(38, 38, 58);"">Kolhydrat 7 g</span></p><p><span style=""color: rgb(38, 38, 58);"">- Varav sockerarter 7 g</span></p><p><span style=""color: rgb(38, 38, 58);"">Protein 0 g</span></p><p><span style=""color: rgb(38, 38, 58);"">Salt 0.01 g</span></p></div><div class=""ql-clipboard"" contenteditable=""true"" tabindex=""-1""></div><div class=""ql-tooltip ql-hidden""><a class=""ql-preview"" target=""_blank"" href=""about:blank""></a><input type=""text"" data-formula=""e=mc^2"" data-link=""https://quilljs.com"" data-video=""Embed URL""><a class=""ql-action""></a><a class=""ql-remove""></a></div>","Förvaras oöppnad i rumstemperatur. Serveras bäst kall.","<div class=""ql-editor"" data-gramm=""false"" contenteditable=""true""><p><span style=""color: rgb(33, 37, 41);"">Livshem har ambitionen att alltid ge rätt produkt information. Förändringar i produktens innehåll kan ske över tid, kontrollera därför alltid före användning informationen på produktens förpackning.</span></p></div><div class=""ql-clipboard"" contenteditable=""true"" tabindex=""-1""></div><div class=""ql-tooltip ql-hidden""><a class=""ql-preview"" target=""_blank"" href=""about:blank""></a><input type=""text"" data-formula=""e=mc^2"" data-link=""https://quilljs.com"" data-video=""Embed URL""><a class=""ql-action""></a><a class=""ql-remove""></a></div>","","109,00","","16,52 kr/l","","In Stock","20x33cl","","Läsk","Multipack läsk"
"280","https://livsham2.softwarebyte.co/assets/images/product_image/17508.jpg","Pepsi Max 20-pack","Dryck","Lager","<div class=""ql-editor"" data-gramm=""false"" contenteditable=""true""><p><span style=""color: rgb(58, 58, 58);"">Pepsi är ett av världens starkaste varumärken och Pepsi reg är också ett av de absolut mest sålda läskvarumärkena. Pepsi är en coladryck med en bra balans mellan söta och syrliga toner. Pepsi bör serveras väl kyld, gärna med is. Passar såväl till mat och snacks som att avnjutas för sig själv.</span></p></div><div class=""ql-clipboard"" contenteditable=""true"" tabindex=""-1""></div><div class=""ql-tooltip ql-hidden""><a class=""ql-preview"" target=""_blank"" href=""about:blank""></a><input type=""text"" data-formula=""e=mc^2"" data-link=""https://quilljs.com"" data-video=""Embed URL""><a class=""ql-action""></a><a class=""ql-remove""></a></div>","Sverige","Kolsyrat vatten, färgämne (E 150d), sötningsmedel (aspartam, acesulfam K),surhetsreglerande medel (fosforsyra, citronsyra, natriumcitrat), aromämnen (inkl. koffein).Innehåller en fenylalaninkälla.","<div class=""ql-editor"" data-gramm=""false"" contenteditable=""true""><p><span style=""color: rgb(38, 38, 58);"">Per 100 ml:</span></p><p><span style=""color: rgb(38, 38, 58);"">Energi 1 kJ/0.2 kcal</span></p><p><span style=""color: rgb(38, 38, 58);"">Fett 0 g</span></p><p><span style=""color: rgb(38, 38, 58);"">- Varav mättat fett 0 g</span></p><p><span style=""color: rgb(38, 38, 58);"">Kolhydrat 0 g</span></p><p><span style=""color: rgb(38, 38, 58);"">- Varav sockerarter 0 g</span></p><p><span style=""color: rgb(38, 38, 58);"">Protein 0 g</span></p><p><span style=""color: rgb(38, 38, 58);"">Salt &lt;0.1 g</span></p></div><div class=""ql-clipboard"" contenteditable=""true"" tabindex=""-1""></div><div class=""ql-tooltip ql-hidden""><a class=""ql-preview"" target=""_blank"" href=""about:blank""></a><input type=""text"" data-formula=""e=mc^2"" data-link=""https://quilljs.com"" data-video=""Embed URL""><a class=""ql-action""></a><a class=""ql-remove""></a></div>","Förvaras oöppnad i rumstemperatur. Serveras bäst kall.","<div class=""ql-editor"" data-gramm=""false"" contenteditable=""true""><p><span style=""color: rgb(33, 37, 41);"">Livshem har ambitionen att alltid ge rätt produkt information. Förändringar i produktens innehåll kan ske över tid, kontrollera därför alltid före användning informationen på produktens förpackning.</span></p></div><div class=""ql-clipboard"" contenteditable=""true"" tabindex=""-1""></div><div class=""ql-tooltip ql-hidden""><a class=""ql-preview"" target=""_blank"" href=""about:blank""></a><input type=""text"" data-formula=""e=mc^2"" data-link=""https://quilljs.com"" data-video=""Embed URL""><a class=""ql-action""></a><a class=""ql-remove""></a></div>","","109,00","","16,52 kr/l","","In Stock","20x33cl","","Läsk","Multipack läsk"
"281","https://livsham2.softwarebyte.co/assets/images/product_image/22618.jpg","Bilar Original","Godis & snacks","Lager","<div class=""ql-editor"" data-gramm=""false"" contenteditable=""true""><p><span style=""color: rgb(38, 38, 58);"">Ahlgrens bilar Original är en självklar favorit bland godispåsar. Originalet uppkom 1953 och sedan dess har Ahlgrens bilar varit Sveriges mest köpta bil. De mjuka bilarna erbjuds här i de klassiska Ahlgrens bilar-färgerna rosa, vit och grön. Om bilarna smakar olika eller likadant, är och förblir en hemlighet. Denna godispåse passar till fredagsmyset, bilturen eller på bion och finns i olika storlekar. Under åren som gått har det tillkommit en del nya modeller men originalets smak är och förblir orörd. Har man Sveriges godaste bil så har man!</span></p></div><div class=""ql-clipboard"" contenteditable=""true"" tabindex=""-1""></div><div class=""ql-tooltip ql-hidden""><a class=""ql-preview"" target=""_blank"" href=""about:blank""></a><input type=""text"" data-formula=""e=mc^2"" data-link=""https://quilljs.com"" data-video=""Embed URL""><a class=""ql-action""></a><a class=""ql-remove""></a></div>","Sverige","Glukossirap, socker, stärkelse, gelatin, invertsockersirap, syra (E270), vegetabiliska oljor (kokos, raps), aromer, ytbehandlingsmedel (karnaubavax), färgämnen (klorofyllinkopparkomplex, karmin).","<div class=""ql-editor"" data-gramm=""false"" contenteditable=""true""><p><span style=""color: rgb(38, 38, 58);"">Per 100 g:</span></p><p><span style=""color: rgb(38, 38, 58);"">Energi 1494 kJ/353 kcal</span></p><p><span style=""color: rgb(38, 38, 58);"">Fett 0.2 g</span></p><p><span style=""color: rgb(38, 38, 58);"">-varav mättat fett 0.2 g</span></p><p><span style=""color: rgb(38, 38, 58);"">Kolhydrat 82 g</span></p><p><span style=""color: rgb(38, 38, 58);"">-varav sockerarter 57 g</span></p><p><span style=""color: rgb(38, 38, 58);"">Protein 4.4 g</span></p><p><span style=""color: rgb(38, 38, 58);"">Salt 0.02 g</span></p></div><div class=""ql-clipboard"" contenteditable=""true"" tabindex=""-1""></div><div class=""ql-tooltip ql-hidden""><a class=""ql-preview"" target=""_blank"" href=""about:blank""></a><input type=""text"" data-formula=""e=mc^2"" data-link=""https://quilljs.com"" data-video=""Embed URL""><a class=""ql-action""></a><a class=""ql-remove""></a></div>","Förvaras torrt och i rumstemperatur.","<div class=""ql-editor"" data-gramm=""false"" contenteditable=""true""><p><span style=""color: rgb(33, 37, 41);"">Livshem har ambitionen att alltid ge rätt produkt information. Förändringar i produktens innehåll kan ske över tid, kontrollera därför alltid före användning informationen på produktens förpackning.</span></p></div><div class=""ql-clipboard"" contenteditable=""true"" tabindex=""-1""></div><div class=""ql-tooltip ql-hidden""><a class=""ql-preview"" target=""_blank"" href=""about:blank""></a><input type=""text"" data-formula=""e=mc^2"" data-link=""https://quilljs.com"" data-video=""Embed URL""><a class=""ql-action""></a><a class=""ql-remove""></a></div>","","17,95","","112,19 kr/kg","","In Stock","160g","","Godis","Godis i påse"
"282","https://livsham2.softwarebyte.co/assets/images/product_image/21542.jpg","Gott & Blandat Original","Godis & snacks","Lager","<div class=""ql-editor"" data-gramm=""false"" contenteditable=""true""><p><span style=""color: rgb(38, 38, 58);"">Malaco Gott &amp; Blandat lanserades år 1979 och blev snabbt en godisfavorit som uppskattas av hela familjen. Godispåsen innehåller en unik blandning av sött och salt godis med mjuk konsistens, vilket gör att det finns något för alla. Påsens mix består av populärt vingummi i olika fruktiga smaker, saltlakrits och den kända revolverlakritsen. Det mixade innehållet gör påsen till en solklar familjefavorit. Påsen innehåller 210 g godis. Malaco - Lördag hela veckan</span></p></div><div class=""ql-clipboard"" contenteditable=""true"" tabindex=""-1""></div><div class=""ql-tooltip ql-hidden""><a class=""ql-preview"" target=""_blank"" href=""about:blank""></a><input type=""text"" data-formula=""e=mc^2"" data-link=""https://quilljs.com"" data-video=""Embed URL""><a class=""ql-action""></a><a class=""ql-remove""></a></div>","Sverige","Socker, glukossirap, glukos-fruktossirap, stärkelse, VETEMJÖL, modifierad stärkelse, ammoniumklorid (=salmiak), melass, syra (citronsyra), lakritsextrakt, fuktighetsbevarande medel (sorbitoler, glycerol), vegetabiliska oljor (kokos, raps), aromer, salt, färgämnen (E153, E120, E100, E141), ytbehandlingsmedel (bivax), stabiliseringsmedel (E471), kokosfett.","<div class=""ql-editor"" data-gramm=""false"" contenteditable=""true""><p><span style=""color: rgb(38, 38, 58);"">Per 100 g:</span></p><p><span style=""color: rgb(38, 38, 58);"">Energi 1480 kJ/350 kcal</span></p><p><span style=""color: rgb(38, 38, 58);"">Fett 0.3 g</span></p><p><span style=""color: rgb(38, 38, 58);"">-varav mättat fett 0.2 g</span></p><p><span style=""color: rgb(38, 38, 58);"">Kolhydrat 85 g</span></p><p><span style=""color: rgb(38, 38, 58);"">-varav sockerarter 59 g</span></p><p><span style=""color: rgb(38, 38, 58);"">Protein 0 g</span></p><p><span style=""color: rgb(38, 38, 58);"">Salt 0.17 g</span></p></div><div class=""ql-clipboard"" contenteditable=""true"" tabindex=""-1""></div><div class=""ql-tooltip ql-hidden""><a class=""ql-preview"" target=""_blank"" href=""about:blank""></a><input type=""text"" data-formula=""e=mc^2"" data-link=""https://quilljs.com"" data-video=""Embed URL""><a class=""ql-action""></a><a class=""ql-remove""></a></div>","Förvaras torrt och i rumstemperatur.","<div class=""ql-editor"" data-gramm=""false"" contenteditable=""true""><p><span style=""color: rgb(33, 37, 41);"">Livshem har ambitionen att alltid ge rätt produkt information. Förändringar i produktens innehåll kan ske över tid, kontrollera därför alltid före användning informationen på produktens förpackning.</span></p></div><div class=""ql-clipboard"" contenteditable=""true"" tabindex=""-1""></div><div class=""ql-tooltip ql-hidden""><a class=""ql-preview"" target=""_blank"" href=""about:blank""></a><input type=""text"" data-formula=""e=mc^2"" data-link=""https://quilljs.com"" data-video=""Embed URL""><a class=""ql-action""></a><a class=""ql-remove""></a></div>","","19,95","","95,00 kr/kg","","In Stock","210g","","Godis","Godis i påse"
"283","https://livsham2.softwarebyte.co/assets/images/product_image/36343.jpg","Gott & Blandat Original","Godis & snacks","Lager","<div class=""ql-editor"" data-gramm=""false"" contenteditable=""true""><p><span style=""color: rgb(38, 38, 58);"">Malaco Gott &amp; Blandat lanserades år 1979 och blev snabbt en godisfavorit som uppskattas av hela familjen. Godispåsen innehåller en unik blandning av sött och salt godis med mjuk konsistens, vilket gör att det finns något för alla. Påsens mix består av populärt vingummi i olika fruktiga smaker, saltlakrits och den kända revolverlakritsen. Det mixade innehållet gör påsen till en solklar familjefavorit. Påsen innehåller 400 g godis. Malaco - Lördag hela veckan!</span></p></div><div class=""ql-clipboard"" contenteditable=""true"" tabindex=""-1""></div><div class=""ql-tooltip ql-hidden""><a class=""ql-preview"" target=""_blank"" href=""about:blank""></a><input type=""text"" data-formula=""e=mc^2"" data-link=""https://quilljs.com"" data-video=""Embed URL""><a class=""ql-action""></a><a class=""ql-remove""></a></div>","Sverige","Socker, glukossirap, glukos-fruktossirap, stärkelse, VETEMJÖL, modifierad stärkelse, ammoniumklorid (=salmiak), melass, syra (citronsyra), lakritsextrakt, fuktighetsbevarande medel (sorbitoler, glycerol), vegetabiliska oljor (kokos, raps), aromer, salt, färgämnen (E153, E120, E100, E141), ytbehandlingsmedel (bivax), stabiliseringsmedel (E471), kokosfett.","<div class=""ql-editor"" data-gramm=""false"" contenteditable=""true""><p><span style=""color: rgb(38, 38, 58);"">Per 100 g:</span></p><p><span style=""color: rgb(38, 38, 58);"">Energi 1479 kJ/349 kcal</span></p><p><span style=""color: rgb(38, 38, 58);"">Fett 0.3 g</span></p><p><span style=""color: rgb(38, 38, 58);"">-varav mättat fett 0.2 g</span></p><p><span style=""color: rgb(38, 38, 58);"">Kolhydrat 85 g</span></p><p><span style=""color: rgb(38, 38, 58);"">-varav sockerarter 59 g</span></p><p><span style=""color: rgb(38, 38, 58);"">Protein 0 g</span></p><p><span style=""color: rgb(38, 38, 58);"">Salt 0.17 g</span></p></div><div class=""ql-clipboard"" contenteditable=""true"" tabindex=""-1""></div><div class=""ql-tooltip ql-hidden""><a class=""ql-preview"" target=""_blank"" href=""about:blank""></a><input type=""text"" data-formula=""e=mc^2"" data-link=""https://quilljs.com"" data-video=""Embed URL""><a class=""ql-action""></a><a class=""ql-remove""></a></div>","Förvaras torrt och i rumstemperatur.","<div class=""ql-editor"" data-gramm=""false"" contenteditable=""true""><p><span style=""color: rgb(33, 37, 41);"">Livshem har ambitionen att alltid ge rätt produkt information. Förändringar i produktens innehåll kan ske över tid, kontrollera därför alltid före användning informationen på produktens förpackning.</span></p></div><div class=""ql-clipboard"" contenteditable=""true"" tabindex=""-1""></div><div class=""ql-tooltip ql-hidden""><a class=""ql-preview"" target=""_blank"" href=""about:blank""></a><input type=""text"" data-formula=""e=mc^2"" data-link=""https://quilljs.com"" data-video=""Embed URL""><a class=""ql-action""></a><a class=""ql-remove""></a></div>","","36,95","","92,38 kr/kg","","In Stock","400g","","Godis","Godis i påse"
"284","https://livsham2.softwarebyte.co/assets/images/product_image/7701.jpg","Gott & Blandat Fizzypop","Godis & snacks","Lager","<div class=""ql-editor"" data-gramm=""false"" contenteditable=""true""><p>Smågodis i bubbelgumsmak, syrlig och god med en mjuk konsistens.</p></div><div class=""ql-clipboard"" contenteditable=""true"" tabindex=""-1""></div><div class=""ql-tooltip ql-hidden""><a class=""ql-preview"" target=""_blank"" href=""about:blank""></a><input type=""text"" data-formula=""e=mc^2"" data-link=""https://quilljs.com"" data-video=""Embed URL""><a class=""ql-action""></a><a class=""ql-remove""></a></div>","Sverige","Glukossirap, socker/sukker, vatten/vand, gelatin, syra (citronsyra), färgämnen/farvestoffer (E170, E120, E133), fullhärdat/helt hærdet/fullherdet palmfett, arom.","<div class=""ql-editor"" data-gramm=""false"" contenteditable=""true""><p><span style=""color: rgb(38, 38, 58);"">Per 100 g:</span></p><p><span style=""color: rgb(58, 58, 58);"">Energi (kcal) 333 kcal</span></p><p><span style=""color: rgb(58, 58, 58);"">Energi (kJ) 1417 kJ</span></p><p><span style=""color: rgb(58, 58, 58);"">Fett 0.1 g</span></p><p><span style=""color: rgb(58, 58, 58);"">-varav mättat fett 0 g</span></p><p><span style=""color: rgb(58, 58, 58);"">Kolhydrat 74 g</span></p><p><span style=""color: rgb(58, 58, 58);"">-varav socker 62 g</span></p><p><span style=""color: rgb(58, 58, 58);"">Protein 8.3 g, Salt 0 g</span></p></div><div class=""ql-clipboard"" contenteditable=""true"" tabindex=""-1""></div><div class=""ql-tooltip ql-hidden""><a class=""ql-preview"" target=""_blank"" href=""about:blank""></a><input type=""text"" data-formula=""e=mc^2"" data-link=""https://quilljs.com"" data-video=""Embed URL""><a class=""ql-action""></a><a class=""ql-remove""></a></div>","Förvaras torrt och i rumstemperatur.","<div class=""ql-editor"" data-gramm=""false"" contenteditable=""true""><p><span style=""color: rgb(33, 37, 41);"">Livshem har ambitionen att alltid ge rätt produkt information. Förändringar i produktens innehåll kan ske över tid, kontrollera därför alltid före användning informationen på produktens förpackning.</span></p></div><div class=""ql-clipboard"" contenteditable=""true"" tabindex=""-1""></div><div class=""ql-tooltip ql-hidden""><a class=""ql-preview"" target=""_blank"" href=""about:blank""></a><input type=""text"" data-formula=""e=mc^2"" data-link=""https://quilljs.com"" data-video=""Embed URL""><a class=""ql-action""></a><a class=""ql-remove""></a></div>","","10,95","","136,88 kr/kg","","In Stock","80g","","Godis","Godis i påse"
"285","https://livsham2.softwarebyte.co/assets/images/product_image/38176.jpg","Nappar Fruit Haribo","Godis & snacks","Lager","<div class=""ql-editor"" data-gramm=""false"" contenteditable=""true""><p><span style=""color: rgb(38, 38, 58);"">De små favoriterna med fruktsmak.</span></p></div><div class=""ql-clipboard"" contenteditable=""true"" tabindex=""-1""></div><div class=""ql-tooltip ql-hidden""><a class=""ql-preview"" target=""_blank"" href=""about:blank""></a><input type=""text"" data-formula=""e=mc^2"" data-link=""https://quilljs.com"" data-video=""Embed URL""><a class=""ql-action""></a><a class=""ql-remove""></a></div>","Denmark","Glukossirap; socker; gelatin; druvsocker; syra: citronsyra; frukt- och plantkoncentrat: spirulina, safflor, äpple, citron, rättika, sötpotatis, morot, svarta vinbär, hibiskus; invertsockersirap; arom; palmolja; ytbehandlingsmedel: bivax vitt och gult, karnaubavax.","<div class=""ql-editor"" data-gramm=""false"" contenteditable=""true""><p><span style=""color: rgb(38, 38, 58);"">Per 100 g:</span></p><p><span style=""color: rgb(38, 38, 58);"">Energi 1459 kJ/343 kcal</span></p><p><span style=""color: rgb(38, 38, 58);"">Fett &lt;0.5 g</span></p><p><span style=""color: rgb(38, 38, 58);"">-varav mättat fett 0.1 g</span></p><p><span style=""color: rgb(38, 38, 58);"">Kolhydrat 77 g</span></p><p><span style=""color: rgb(38, 38, 58);"">-varav sockerarter 46 g</span></p><p><span style=""color: rgb(38, 38, 58);"">Protein 6.9 g</span></p><p><span style=""color: rgb(38, 38, 58);"">Salt 0.07 g</span></p></div><div class=""ql-clipboard"" contenteditable=""true"" tabindex=""-1""></div><div class=""ql-tooltip ql-hidden""><a class=""ql-preview"" target=""_blank"" href=""about:blank""></a><input type=""text"" data-formula=""e=mc^2"" data-link=""https://quilljs.com"" data-video=""Embed URL""><a class=""ql-action""></a><a class=""ql-remove""></a></div>","Förvaras torrt och i rumstemperatur.","<div class=""ql-editor"" data-gramm=""false"" contenteditable=""true""><p><span style=""color: rgb(33, 37, 41);"">Livshem har ambitionen att alltid ge rätt produkt information. Förändringar i produktens innehåll kan ske över tid, kontrollera därför alltid före användning informationen på produktens förpackning.</span></p></div><div class=""ql-clipboard"" contenteditable=""true"" tabindex=""-1""></div><div class=""ql-tooltip ql-hidden""><a class=""ql-preview"" target=""_blank"" href=""about:blank""></a><input type=""text"" data-formula=""e=mc^2"" data-link=""https://quilljs.com"" data-video=""Embed URL""><a class=""ql-action""></a><a class=""ql-remove""></a></div>","","9,95","","124,38 kr/kg","","In Stock","80g","","Godis","Godis i påse"
"286","https://livsham2.softwarebyte.co/assets/images/product_image/27822.jpg","Goldbären","Godis & snacks","Lager","<div class=""ql-editor"" data-gramm=""false"" contenteditable=""true""><p><span style=""color: rgb(58, 58, 58);"">Alla barnens favoriter; välkända Goldbären från HARIBO</span></p></div><div class=""ql-clipboard"" contenteditable=""true"" tabindex=""-1""></div><div class=""ql-tooltip ql-hidden""><a class=""ql-preview"" target=""_blank"" href=""about:blank""></a><input type=""text"" data-formula=""e=mc^2"" data-link=""https://quilljs.com"" data-video=""Embed URL""><a class=""ql-action""></a><a class=""ql-remove""></a></div>","Denmark","Glukossirap; socker; gelatin; druvsocker; fruktjuice från koncentrat: äpple, jordgubbar, hallon, apelsin, citron, ananas; syra: citronsyra; frukt- och plantkoncentrat: safflor, spirulina, äpple, fläderbär, apelsin, svarta vinbär, kiwi, citron, aronia, mango, passionsfrukt, vindruva; arom; extrakt av fläderbär; palmolja; ytbehandlingsmedel: bivax vitt och gult, karnaubavax.  Kan innehålla spår av VETE.","<div class=""ql-editor"" data-gramm=""false"" contenteditable=""true""><p><span style=""color: rgb(38, 38, 58);"">Per 100 g:</span></p><p><span style=""color: rgb(38, 38, 58);"">Energi 1459 kJ/343 kcal</span></p><p><span style=""color: rgb(38, 38, 58);"">Fett 0.50 g</span></p><p><span style=""color: rgb(38, 38, 58);"">- Varav mättat fett 0.10 g</span></p><p><span style=""color: rgb(38, 38, 58);"">Kolhydrat 77 g</span></p><p><span style=""color: rgb(38, 38, 58);"">- Varav sockerarter 46 g</span></p><p><span style=""color: rgb(38, 38, 58);"">Protein 6.90 g</span></p><p><span style=""color: rgb(38, 38, 58);"">Salt 0.07 g</span></p></div><div class=""ql-clipboard"" contenteditable=""true"" tabindex=""-1""></div><div class=""ql-tooltip ql-hidden""><a class=""ql-preview"" target=""_blank"" href=""about:blank""></a><input type=""text"" data-formula=""e=mc^2"" data-link=""https://quilljs.com"" data-video=""Embed URL""><a class=""ql-action""></a><a class=""ql-remove""></a></div>","Förvaras torrt och i rumstemperatur.","<div class=""ql-editor"" data-gramm=""false"" contenteditable=""true""><p><span style=""color: rgb(33, 37, 41);"">Livshem har ambitionen att alltid ge rätt produkt information. Förändringar i produktens innehåll kan ske över tid, kontrollera därför alltid före användning informationen på produktens förpackning.</span></p></div><div class=""ql-clipboard"" contenteditable=""true"" tabindex=""-1""></div><div class=""ql-tooltip ql-hidden""><a class=""ql-preview"" target=""_blank"" href=""about:blank""></a><input type=""text"" data-formula=""e=mc^2"" data-link=""https://quilljs.com"" data-video=""Embed URL""><a class=""ql-action""></a><a class=""ql-remove""></a></div>","","9,95","","124,38 kr/kg","","In Stock","80g","","Godis","Godis i påse"
"287","https://livsham2.softwarebyte.co/assets/images/product_image/6472.jpg","Nappar Sura","Godis & snacks","Lager","<div class=""ql-editor"" data-gramm=""false"" contenteditable=""true""><p><span style=""color: rgb(58, 58, 58);"">De kända napparna med härligt syrlig smak</span></p></div><div class=""ql-clipboard"" contenteditable=""true"" tabindex=""-1""></div><div class=""ql-tooltip ql-hidden""><a class=""ql-preview"" target=""_blank"" href=""about:blank""></a><input type=""text"" data-formula=""e=mc^2"" data-link=""https://quilljs.com"" data-video=""Embed URL""><a class=""ql-action""></a><a class=""ql-remove""></a></div>","Denmark","Glukossirap; socker; gelatin; druvsocker; syror: citronsyra, äppelsyra; surhetsreglerande medel: calciumcitrat, natriumvätemalat; frukt- och plantkoncentrat: spirulina, safflor, äpple, citron, rättika, sötpotatis, morot, svarta vinbär, hibiskus; invertsockersirap; arom; ytbehandlingsmedel: karnaubavax.","<div class=""ql-editor"" data-gramm=""false"" contenteditable=""true""><p><span style=""color: rgb(38, 38, 58);"">Per 100 g:</span></p><p><span style=""color: rgb(38, 38, 58);"">Energi 1463 kJ/345 kcal</span></p><p><span style=""color: rgb(38, 38, 58);"">Fett 0 g</span></p><p><span style=""color: rgb(38, 38, 58);"">-varav mättat fett 0 g</span></p><p><span style=""color: rgb(38, 38, 58);"">Kolhydrat 80 g</span></p><p><span style=""color: rgb(38, 38, 58);"">-varav sockerarter 49 g</span></p><p><span style=""color: rgb(38, 38, 58);"">Protein 5 g</span></p><p><span style=""color: rgb(38, 38, 58);"">Salt 0.01 g</span></p></div><div class=""ql-clipboard"" contenteditable=""true"" tabindex=""-1""></div><div class=""ql-tooltip ql-hidden""><a class=""ql-preview"" target=""_blank"" href=""about:blank""></a><input type=""text"" data-formula=""e=mc^2"" data-link=""https://quilljs.com"" data-video=""Embed URL""><a class=""ql-action""></a><a class=""ql-remove""></a></div>","Förvaras torrt och i rumstemperatur.","<div class=""ql-editor"" data-gramm=""false"" contenteditable=""true""><p>Livshem har ambitionen att alltid ge rätt produkt information. Förändringar i produktens innehåll kan ske över tid, kontrollera därför alltid före användning informationen på produktens förpackning.</p></div><div class=""ql-clipboard"" contenteditable=""true"" tabindex=""-1""></div><div class=""ql-tooltip ql-hidden""><a class=""ql-preview"" target=""_blank"" href=""about:blank""></a><input type=""text"" data-formula=""e=mc^2"" data-link=""https://quilljs.com"" data-video=""Embed URL""><a class=""ql-action""></a><a class=""ql-remove""></a></div>","","9,95","","124,38 kr/kg","","In Stock","80g","","Godis","Godis i påse"
"288","https://livsham2.softwarebyte.co/assets/images/product_image/83910.jpg","Zoo Malaco","Godis & snacks","Lager","<div class=""ql-editor"" data-gramm=""false"" contenteditable=""true""><p><span style=""color: rgb(58, 58, 58);"">Malaco Zoo är ett av Sveriges mest kända godisvarumärken. Både innehållet och påsens design med apan, giraffen och papegojan är sanna svenska klassiker i godishyllan. Godispåsen passar bra till kalaset eller i godisskålen.</span></p></div><div class=""ql-clipboard"" contenteditable=""true"" tabindex=""-1""></div><div class=""ql-tooltip ql-hidden""><a class=""ql-preview"" target=""_blank"" href=""about:blank""></a><input type=""text"" data-formula=""e=mc^2"" data-link=""https://quilljs.com"" data-video=""Embed URL""><a class=""ql-action""></a><a class=""ql-remove""></a></div>","Sverige","Socker/sukker, glukossirap, gelatin, stärkelse/stivelse, syra (E270), vegetabiliska oljor (kokos, raps), arom, ytbehandlings-/overfladebehandlingsmiddel (karnaubavax/voks), färgämnen/farvestoffer (E120, E160a).","<div class=""ql-editor"" data-gramm=""false"" contenteditable=""true""><p><span style=""color: rgb(38, 38, 58);"">Per 100 g:</span></p><p><span style=""color: rgb(38, 38, 58);"">Energi 1517 kJ/359 kcal</span></p><p><span style=""color: rgb(38, 38, 58);"">Fett 0.3 g</span></p><p><span style=""color: rgb(38, 38, 58);"">-varav mättat fett 0.2 g</span></p><p><span style=""color: rgb(38, 38, 58);"">Kolhydrat 83 g</span></p><p><span style=""color: rgb(38, 38, 58);"">-varav sockerarter 57 g</span></p><p><span style=""color: rgb(38, 38, 58);"">Protein 5.5 g</span></p><p><span style=""color: rgb(38, 38, 58);"">Salt 0.05 g</span></p></div><div class=""ql-clipboard"" contenteditable=""true"" tabindex=""-1""></div><div class=""ql-tooltip ql-hidden""><a class=""ql-preview"" target=""_blank"" href=""about:blank""></a><input type=""text"" data-formula=""e=mc^2"" data-link=""https://quilljs.com"" data-video=""Embed URL""><a class=""ql-action""></a><a class=""ql-remove""></a></div>","Förvaras torrt och i rumstemperatur.","<div class=""ql-editor"" data-gramm=""false"" contenteditable=""true""><p><span style=""color: rgb(33, 37, 41);"">Livshem har ambitionen att alltid ge rätt produkt information. Förändringar i produktens innehåll kan ske över tid, kontrollera därför alltid före användning informationen på produktens förpackning.</span></p></div><div class=""ql-clipboard"" contenteditable=""true"" tabindex=""-1""></div><div class=""ql-tooltip ql-hidden""><a class=""ql-preview"" target=""_blank"" href=""about:blank""></a><input type=""text"" data-formula=""e=mc^2"" data-link=""https://quilljs.com"" data-video=""Embed URL""><a class=""ql-action""></a><a class=""ql-remove""></a></div>","","10,95","","136,88 kr/kg","","In Stock","80g","","Godis","Godis i påse"
"289","https://livsham2.softwarebyte.co/assets/images/product_image/1383.jpg","Tonfisk i solrosolja","Skafferi","Lager","<div class=""ql-editor"" data-gramm=""false"" contenteditable=""true""><h4>MSC certifierad Skipjack tonfisk i solrosolja består av fina filébitar som är fiskad på ett hållbart sätt.</h4></div><div class=""ql-clipboard"" contenteditable=""true"" tabindex=""-1""></div><div class=""ql-tooltip ql-hidden""><a class=""ql-preview"" target=""_blank"" href=""about:blank""></a><input type=""text"" data-formula=""e=mc^2"" data-link=""https://quilljs.com"" data-video=""Embed URL""><a class=""ql-action""></a><a class=""ql-remove""></a></div>","Thailand","TONFISKFILÉ i bitar (SKIPJACK), solrosolja, vatten, salt. Fångstområde: TONFISK (KATSUWONUS PELAMIS) - Väst- eller östcentrala Stilla havet (FAO 71/77) eller Västra indiska Oceanen (FAO 51).","<div class=""ql-editor"" data-gramm=""false"" contenteditable=""true""><p><span style=""color: rgb(38, 38, 58);"">Per 100 gram:</span></p><p><span style=""color: rgb(38, 38, 58);"">Energi 678 kJ/162 kcal</span></p><p><span style=""color: rgb(38, 38, 58);"">Fett 6 g</span></p><p><span style=""color: rgb(38, 38, 58);"">-varav mättat fett 1.2 g</span></p><p><span style=""color: rgb(38, 38, 58);"">Kolhydrat 0.2 g</span></p><p><span style=""color: rgb(38, 38, 58);"">-varav sockerarter 0 g</span></p><p><span style=""color: rgb(38, 38, 58);"">Protein 26 g</span></p><p><span style=""color: rgb(38, 38, 58);"">Salt 1 g</span></p></div><div class=""ql-clipboard"" contenteditable=""true"" tabindex=""-1""></div><div class=""ql-tooltip ql-hidden""><a class=""ql-preview"" target=""_blank"" href=""about:blank""></a><input type=""text"" data-formula=""e=mc^2"" data-link=""https://quilljs.com"" data-video=""Embed URL""><a class=""ql-action""></a><a class=""ql-remove""></a></div>","Förvaras vid högst 25°C  Efter öppnandet: Kylförvaring, max 2 dagar.","<div class=""ql-editor"" data-gramm=""false"" contenteditable=""true""><p>Livshem har ambitionen att alltid ge rätt produkt information. Förändringar i produktens innehåll kan ske över tid, kontrollera därför alltid före användning informationen på produktens förpackning.</p></div><div class=""ql-clipboard"" contenteditable=""true"" tabindex=""-1""></div><div class=""ql-tooltip ql-hidden""><a class=""ql-preview"" target=""_blank"" href=""about:blank""></a><input type=""text"" data-formula=""e=mc^2"" data-link=""https://quilljs.com"" data-video=""Embed URL""><a class=""ql-action""></a><a class=""ql-remove""></a></div>","","20,95","","174,58 kr/kg","","In Stock","200g","","Konserver & burkar","Fisk-& skaldjurskonserver"
"290","https://livsham2.softwarebyte.co/assets/images/product_image/62268.jpg","Nappar Cola","Godis & snacks","Lager","<div class=""ql-editor"" data-gramm=""false"" contenteditable=""true""><p><span style=""color: rgb(38, 38, 58);"">Smaskens för cola-älskaren</span></p></div><div class=""ql-clipboard"" contenteditable=""true"" tabindex=""-1""></div><div class=""ql-tooltip ql-hidden""><a class=""ql-preview"" target=""_blank"" href=""about:blank""></a><input type=""text"" data-formula=""e=mc^2"" data-link=""https://quilljs.com"" data-video=""Embed URL""><a class=""ql-action""></a><a class=""ql-remove""></a></div>","Denmark","Glukossirap; socker; gelatin; druvsocker; syra: citronsyra; karamelliserat socker; arom; palmolja; ytbehandlingsmedel: bivax vitt och gult, karnaubavax.","<div class=""ql-editor"" data-gramm=""false"" contenteditable=""true""><p><span style=""color: rgb(38, 38, 58);"">Per 100 g:</span></p><p><span style=""color: rgb(38, 38, 58);"">Energi 1459 kJ/343 kcal</span></p><p><span style=""color: rgb(38, 38, 58);"">Fett &lt;0.5 g</span></p><p><span style=""color: rgb(38, 38, 58);"">-varav mättat fett 0.1 g</span></p><p><span style=""color: rgb(38, 38, 58);"">Kolhydrat 77 g</span></p><p><span style=""color: rgb(38, 38, 58);"">-varav sockerarter 46 g</span></p><p><span style=""color: rgb(38, 38, 58);"">Protein 6.9 g</span></p><p><span style=""color: rgb(38, 38, 58);"">Salt 0.07 g</span></p></div><div class=""ql-clipboard"" contenteditable=""true"" tabindex=""-1""></div><div class=""ql-tooltip ql-hidden""><a class=""ql-preview"" target=""_blank"" href=""about:blank""></a><input type=""text"" data-formula=""e=mc^2"" data-link=""https://quilljs.com"" data-video=""Embed URL""><a class=""ql-action""></a><a class=""ql-remove""></a></div>","Förvaras torrt och i rumstemperatur.","<div class=""ql-editor"" data-gramm=""false"" contenteditable=""true""><p><span style=""color: rgb(33, 37, 41);"">Livshem har ambitionen att alltid ge rätt produkt information. Förändringar i produktens innehåll kan ske över tid, kontrollera därför alltid före användning informationen på produktens förpackning.</span></p></div><div class=""ql-clipboard"" contenteditable=""true"" tabindex=""-1""></div><div class=""ql-tooltip ql-hidden""><a class=""ql-preview"" target=""_blank"" href=""about:blank""></a><input type=""text"" data-formula=""e=mc^2"" data-link=""https://quilljs.com"" data-video=""Embed URL""><a class=""ql-action""></a><a class=""ql-remove""></a></div>","","9,95","","124,38 kr/kg","","In Stock","80g","","Godis","Godis i påse"
"291","https://livsham2.softwarebyte.co/assets/images/product_image/43725.jpg","Tonfisk i Vatten","Skafferi","Lager","<div class=""ql-editor"" data-gramm=""false"" contenteditable=""true""><h4>MSC certifierad Skipjack tonfisk i vatten består av fina filébitar som är fiskad på ett hållbart sätt.</h4></div><div class=""ql-clipboard"" contenteditable=""true"" tabindex=""-1""></div><div class=""ql-tooltip ql-hidden""><a class=""ql-preview"" target=""_blank"" href=""about:blank""></a><input type=""text"" data-formula=""e=mc^2"" data-link=""https://quilljs.com"" data-video=""Embed URL""><a class=""ql-action""></a><a class=""ql-remove""></a></div>","Thailand","TONFISKFILÉ i bitar (SKIPJACK), vatten, salt. Fångstområde: TONFISK (KATSUWONUS PELAMIS) - Väst- eller östcentrala Stilla havet (FAO 71/77) eller Västra Indiska Oceanen.","<div class=""ql-editor"" data-gramm=""false"" contenteditable=""true""><p>Per 100 gram:</p><p>Energi 460 kJ/110 kcal</p><p>Fett 0.2 g</p><p>-varav mättat fett 0 g</p><p>Kolhydrat 0 g</p><p>-varav sockerarter 0 g</p><p>Protein 26 g</p><p>Salt 1 g</p><p><br></p></div><div class=""ql-clipboard"" contenteditable=""true"" tabindex=""-1""></div><div class=""ql-tooltip ql-hidden""><a class=""ql-preview"" target=""_blank"" href=""about:blank""></a><input type=""text"" data-formula=""e=mc^2"" data-link=""https://quilljs.com"" data-video=""Embed URL""><a class=""ql-action""></a><a class=""ql-remove""></a></div>","Förvaras vid högst 25°C. Efter öppnandet: Kylförvaring, max 2 dagar.","<div class=""ql-editor"" data-gramm=""false"" contenteditable=""true""><p>Livshem har ambitionen att alltid ge rätt produkt information. Förändringar i produktens innehåll kan ske över tid, kontrollera därför alltid före användning informationen på produktens förpackning.</p></div><div class=""ql-clipboard"" contenteditable=""true"" tabindex=""-1""></div><div class=""ql-tooltip ql-hidden""><a class=""ql-preview"" target=""_blank"" href=""about:blank""></a><input type=""text"" data-formula=""e=mc^2"" data-link=""https://quilljs.com"" data-video=""Embed URL""><a class=""ql-action""></a><a class=""ql-remove""></a></div>","","32,50","","216,67 kr/kg","","In Stock","200g","","Konserver & burkar","Fisk-& skaldjurskonserver"
"292","https://livsham2.softwarebyte.co/assets/images/product_image/61994.jpg","S-märke Supersurt","Godis & snacks","Lager","<div class=""ql-editor"" data-gramm=""false"" contenteditable=""true""><p><span style=""color: rgb(38, 38, 58);"">S-märke är en storsäljande klassiskt favorit i godissegmentet bland såväl lösvikt som i påse. Genom åren har produkten kommit ut i flera olika smaker och finns idag både som gelégodis och i skumkonsistens. Du kan idag hitta S-märke i 8 olika smaker. Med sin intensiva smak brukar produkten bli en favorit hos konsumenter som föredrar supersalt eller supersurt godis. Produkten är tillverkad i Sverige och har varit en tradition sedan 1956.</span></p></div><div class=""ql-clipboard"" contenteditable=""true"" tabindex=""-1""></div><div class=""ql-tooltip ql-hidden""><a class=""ql-preview"" target=""_blank"" href=""about:blank""></a><input type=""text"" data-formula=""e=mc^2"" data-link=""https://quilljs.com"" data-video=""Embed URL""><a class=""ql-action""></a><a class=""ql-remove""></a></div>","Sverige","Socker, glukos, gelatin(nöt), surhetsreglerande medel (äppelsyra, natriumcitrat), aromer, färgämnen( kurkumin, karmin, klorofyllinkopparkomplex).","<div class=""ql-editor"" data-gramm=""false"" contenteditable=""true""><p><span style=""color: rgb(38, 38, 58);"">Per 100 g:</span></p><p><span style=""color: rgb(38, 38, 58);"">Energi 1550 kJ/370 kcal</span></p><p><span style=""color: rgb(38, 38, 58);"">Fett 0 g</span></p><p><span style=""color: rgb(38, 38, 58);"">-varav mättat fett 0 g</span></p><p><span style=""color: rgb(38, 38, 58);"">Kolhydrat 81 g</span></p><p><span style=""color: rgb(38, 38, 58);"">-varav sockerarter 58 g</span></p><p><span style=""color: rgb(38, 38, 58);"">Protein 6.1 g</span></p><p><span style=""color: rgb(38, 38, 58);"">Salt 0.1 g</span></p></div><div class=""ql-clipboard"" contenteditable=""true"" tabindex=""-1""></div><div class=""ql-tooltip ql-hidden""><a class=""ql-preview"" target=""_blank"" href=""about:blank""></a><input type=""text"" data-formula=""e=mc^2"" data-link=""https://quilljs.com"" data-video=""Embed URL""><a class=""ql-action""></a><a class=""ql-remove""></a></div>","Förvaras torrt och i rumstemperatur.","<div class=""ql-editor"" data-gramm=""false"" contenteditable=""true""><p><span style=""color: rgb(33, 37, 41);"">Livshem har ambitionen att alltid ge rätt produkt information. Förändringar i produktens innehåll kan ske över tid, kontrollera därför alltid före användning informationen på produktens förpackning.</span></p></div><div class=""ql-clipboard"" contenteditable=""true"" tabindex=""-1""></div><div class=""ql-tooltip ql-hidden""><a class=""ql-preview"" target=""_blank"" href=""about:blank""></a><input type=""text"" data-formula=""e=mc^2"" data-link=""https://quilljs.com"" data-video=""Embed URL""><a class=""ql-action""></a><a class=""ql-remove""></a></div>","","10,95","","136,88 kr/kg","","In Stock","80g","","Godis","Godis i påse"
"293","https://livsham2.softwarebyte.co/assets/images/product_image/55710.jpg","Mentos frukt","Godis & snacks","Lager","<div class=""ql-editor"" data-gramm=""false"" contenteditable=""true""><p><span style=""color: rgb(58, 58, 58);"">Mentos med fruktsmak är tuggvänliga godistabletter. Tabletterna är ovalformade med ett hårt skal och mjuk kärna.</span></p></div><div class=""ql-clipboard"" contenteditable=""true"" tabindex=""-1""></div><div class=""ql-tooltip ql-hidden""><a class=""ql-preview"" target=""_blank"" href=""about:blank""></a><input type=""text"" data-formula=""e=mc^2"" data-link=""https://quilljs.com"" data-video=""Embed URL""><a class=""ql-action""></a><a class=""ql-remove""></a></div>","Sverige","Socker, glukossirap, fruktsaft (jordgubb, apelsin, citron) (2%), fullhärdad kokosolja, syra (citronsyra), stärkelse, aromämnen, maltodextrin, förtjockningsmedel (gellangummi, cellulosagummi, gummi arabicum), emulgeringsmedel (sackarosestrar av fettsyror), ytbehandlingsmedel (karnaubavax, bivax), färgämnen (betakaroten, rödbetsrött).","<div class=""ql-editor"" data-gramm=""false"" contenteditable=""true""><p><span style=""color: rgb(38, 38, 58);"">Per 100 g:</span></p><p><span style=""color: rgb(38, 38, 58);"">Energi 1648 kJ/388 kcal</span></p><p><span style=""color: rgb(38, 38, 58);"">Fett 1.9 g</span></p><p><span style=""color: rgb(38, 38, 58);"">-varav mättat fett 1.7 g</span></p><p><span style=""color: rgb(38, 38, 58);"">Kolhydrat 92 g</span></p><p><span style=""color: rgb(38, 38, 58);"">-varav sockerarter 69 g</span></p><p><span style=""color: rgb(38, 38, 58);"">Protein 0 g</span></p><p><span style=""color: rgb(38, 38, 58);"">Salt 0.1 g</span></p></div><div class=""ql-clipboard"" contenteditable=""true"" tabindex=""-1""></div><div class=""ql-tooltip ql-hidden""><a class=""ql-preview"" target=""_blank"" href=""about:blank""></a><input type=""text"" data-formula=""e=mc^2"" data-link=""https://quilljs.com"" data-video=""Embed URL""><a class=""ql-action""></a><a class=""ql-remove""></a></div>","Förvaras torrt och i rumstemperatur.","<div class=""ql-editor"" data-gramm=""false"" contenteditable=""true""><p><span style=""color: rgb(33, 37, 41);"">Livshem har ambitionen att alltid ge rätt produkt information. Förändringar i produktens innehåll kan ske över tid, kontrollera därför alltid före användning informationen på produktens förpackning.</span></p></div><div class=""ql-clipboard"" contenteditable=""true"" tabindex=""-1""></div><div class=""ql-tooltip ql-hidden""><a class=""ql-preview"" target=""_blank"" href=""about:blank""></a><input type=""text"" data-formula=""e=mc^2"" data-link=""https://quilljs.com"" data-video=""Embed URL""><a class=""ql-action""></a><a class=""ql-remove""></a></div>","","9,95","","261,84 kr/kg","","In Stock","38g","","Godis","Godis i påse"
"294","https://livsham2.softwarebyte.co/assets/images/product_image/76455.jpg","Pim Pim Malaco","Godis & snacks","Lager","<div class=""ql-editor"" data-gramm=""false"" contenteditable=""true""><p><span style=""color: rgb(58, 58, 58);"">Malaco PimPim är en välkänd godisbåt som varit med sedan 1932 och är en av Malacos äldsta klassiker. Den goda båten med hallonsmak är lika populär nu som då. PimPim hallonbåtar i påse. Godispåsen innehåller 80 g. Malaco - Lördag hela veckan</span></p></div><div class=""ql-clipboard"" contenteditable=""true"" tabindex=""-1""></div><div class=""ql-tooltip ql-hidden""><a class=""ql-preview"" target=""_blank"" href=""about:blank""></a><input type=""text"" data-formula=""e=mc^2"" data-link=""https://quilljs.com"" data-video=""Embed URL""><a class=""ql-action""></a><a class=""ql-remove""></a></div>","Sverige","Glukossirap, socker/sukker, stärkelse/stivelse, gelatin, syra (E270), aromer, vegetabiliska oljor (kokos, raps), ytbehandlings-/overfladebehandlingsmiddel (karnaubavax/voks), färgämnen/farvestoffer (E120, E160a).","<div class=""ql-editor"" data-gramm=""false"" contenteditable=""true""><p><span style=""color: rgb(38, 38, 58);"">Per 100 g:</span></p><p><span style=""color: rgb(38, 38, 58);"">Energi 1481 kJ/349 kcal</span></p><p><span style=""color: rgb(38, 38, 58);"">Fett 0.3 g</span></p><p><span style=""color: rgb(38, 38, 58);"">-varav mättat fett 0.2 g</span></p><p><span style=""color: rgb(38, 38, 58);"">Kolhydrat 81 g</span></p><p><span style=""color: rgb(38, 38, 58);"">-varav sockerarter 62 g</span></p><p><span style=""color: rgb(38, 38, 58);"">Protein 4.1 g</span></p><p><span style=""color: rgb(38, 38, 58);"">Salt 0.05 g</span></p></div><div class=""ql-clipboard"" contenteditable=""true"" tabindex=""-1""></div><div class=""ql-tooltip ql-hidden""><a class=""ql-preview"" target=""_blank"" href=""about:blank""></a><input type=""text"" data-formula=""e=mc^2"" data-link=""https://quilljs.com"" data-video=""Embed URL""><a class=""ql-action""></a><a class=""ql-remove""></a></div>","Förvaras torrt och i rumstemperatur.","<div class=""ql-editor"" data-gramm=""false"" contenteditable=""true""><p><span style=""color: rgb(33, 37, 41);"">Livshem har ambitionen att alltid ge rätt produkt information. Förändringar i produktens innehåll kan ske över tid, kontrollera därför alltid före användning informationen på produktens förpackning.</span></p></div><div class=""ql-clipboard"" contenteditable=""true"" tabindex=""-1""></div><div class=""ql-tooltip ql-hidden""><a class=""ql-preview"" target=""_blank"" href=""about:blank""></a><input type=""text"" data-formula=""e=mc^2"" data-link=""https://quilljs.com"" data-video=""Embed URL""><a class=""ql-action""></a><a class=""ql-remove""></a></div>","","10,95","","136,88 kr/kg","","In Stock","80g","","Godis","Godis i påse"
"295","https://livsham2.softwarebyte.co/assets/images/product_image/90739.jpg","Tonfisk i vatten","Skafferi","Lager","<div class=""ql-editor"" data-gramm=""false"" contenteditable=""true""><p>Tonfisk i vatten från Garant. 170 gram, avrunnen vikt 120 gram.</p></div><div class=""ql-clipboard"" contenteditable=""true"" tabindex=""-1""></div><div class=""ql-tooltip ql-hidden""><a class=""ql-preview"" target=""_blank"" href=""about:blank""></a><input type=""text"" data-formula=""e=mc^2"" data-link=""https://quilljs.com"" data-video=""Embed URL""><a class=""ql-action""></a><a class=""ql-remove""></a></div>","Mauritius","TONFISK*, vatten, salt. *TONFISK av arten SKIPJACK (KATSUWONUS PELAMIS). TONFISKen är fiskad med selektiv ringnot i västra Stilla Havet (FAO 71, 77) eller i östra Indiska Oceanen (FAO 51, 57).","<div class=""ql-editor"" data-gramm=""false"" contenteditable=""true""><p><span style=""color: rgb(38, 38, 58);"">Per 100 gram:</span></p><p><span style=""color: rgb(38, 38, 58);"">Energi 417 kJ/98 kcal</span></p><p><span style=""color: rgb(38, 38, 58);"">Fett 0.7 g</span></p><p><span style=""color: rgb(38, 38, 58);"">-varav mättat fett 0.2 g</span></p><p><span style=""color: rgb(38, 38, 58);"">Kolhydrat 0 g</span></p><p><span style=""color: rgb(38, 38, 58);"">-varav sockerarter 0 g</span></p><p><span style=""color: rgb(38, 38, 58);"">Fiber 0 g</span></p><p><span style=""color: rgb(38, 38, 58);"">Protein 23 g</span></p><p><span style=""color: rgb(38, 38, 58);"">Salt 1 g</span></p></div><div class=""ql-clipboard"" contenteditable=""true"" tabindex=""-1""></div><div class=""ql-tooltip ql-hidden""><a class=""ql-preview"" target=""_blank"" href=""about:blank""></a><input type=""text"" data-formula=""e=mc^2"" data-link=""https://quilljs.com"" data-video=""Embed URL""><a class=""ql-action""></a><a class=""ql-remove""></a></div>","Förvaras i rumstemperatur. Innehåll i öppnad förpackning förvaras i ett annat kärl i kylskåp vid max +8°C, hållbar i cirka 2 dagar.","<div class=""ql-editor"" data-gramm=""false"" contenteditable=""true""><p>Livshem har ambitionen att alltid ge rätt produkt information. Förändringar i produktens innehåll kan ske över tid, kontrollera därför alltid före användning informationen på produktens förpackning.</p></div><div class=""ql-clipboard"" contenteditable=""true"" tabindex=""-1""></div><div class=""ql-tooltip ql-hidden""><a class=""ql-preview"" target=""_blank"" href=""about:blank""></a><input type=""text"" data-formula=""e=mc^2"" data-link=""https://quilljs.com"" data-video=""Embed URL""><a class=""ql-action""></a><a class=""ql-remove""></a></div>","","19,90","","165,83 kr/kg","","In Stock","170g","","Konserver & burkar","Fisk-& skaldjurskonserver"
"296","https://livsham2.softwarebyte.co/assets/images/product_image/35943.jpg","Tonfisk i solrosolja","Skafferi","Lager","<div class=""ql-editor"" data-gramm=""false"" contenteditable=""true""><p><span style=""color: rgb(65, 66, 65);"">MSC-certifierade tonfiskfiléer i olja. MSC-certifieringen talar om att tonfisken är ett bra val, fiskad med säkra metoder, hållbara bestånd och med full spårbarhet. Fisken är också fångad från fartyg med höga krav på minsta miljöbelastning.</span></p></div><div class=""ql-clipboard"" contenteditable=""true"" tabindex=""-1""></div><div class=""ql-tooltip ql-hidden""><a class=""ql-preview"" target=""_blank"" href=""about:blank""></a><input type=""text"" data-formula=""e=mc^2"" data-link=""https://quilljs.com"" data-video=""Embed URL""><a class=""ql-action""></a><a class=""ql-remove""></a></div>","Mauritius","Tonfisken är fiskad med selektiv ringnot i västra Stilla Havet (FAO 71, 77).","<div class=""ql-editor"" data-gramm=""false"" contenteditable=""true""><p><span style=""color: rgb(38, 38, 58);"">Per 100 gram:</span></p><p><span style=""color: rgb(38, 38, 58);"">Energi 798 kJ/191 kcal</span></p><p><span style=""color: rgb(38, 38, 58);"">Fett 10 g</span></p><p><span style=""color: rgb(38, 38, 58);"">-varav mättat fett 1.5 g</span></p><p><span style=""color: rgb(38, 38, 58);"">Kolhydrat 0 g</span></p><p><span style=""color: rgb(38, 38, 58);"">-varav sockerarter 0 g</span></p><p><span style=""color: rgb(38, 38, 58);"">Fiber 0 g</span></p><p><span style=""color: rgb(38, 38, 58);"">Protein 25 g</span></p><p><span style=""color: rgb(38, 38, 58);"">Salt 1 g</span></p></div><div class=""ql-clipboard"" contenteditable=""true"" tabindex=""-1""></div><div class=""ql-tooltip ql-hidden""><a class=""ql-preview"" target=""_blank"" href=""about:blank""></a><input type=""text"" data-formula=""e=mc^2"" data-link=""https://quilljs.com"" data-video=""Embed URL""><a class=""ql-action""></a><a class=""ql-remove""></a></div>","Förvaras i rumstemperatur. Innehåll i öppnad förpackning förvaras i ett annat kärl i kylskåp vid max +8°C, hållbar i cirka 2 dagar.","<div class=""ql-editor"" data-gramm=""false"" contenteditable=""true""><p>Livshem har ambitionen att alltid ge rätt produkt information. Förändringar i produktens innehåll kan ske över tid, kontrollera därför alltid före användning informationen på produktens förpackning.</p></div><div class=""ql-clipboard"" contenteditable=""true"" tabindex=""-1""></div><div class=""ql-tooltip ql-hidden""><a class=""ql-preview"" target=""_blank"" href=""about:blank""></a><input type=""text"" data-formula=""e=mc^2"" data-link=""https://quilljs.com"" data-video=""Embed URL""><a class=""ql-action""></a><a class=""ql-remove""></a></div>","","19,90","","165,83 kr/kg","","In Stock","170g","","Konserver & burkar","Fisk-& skaldjurskonserver"
"299","https://livsham2.softwarebyte.co/assets/images/product_image/12279.jpg","Pomodori Ciliegino Secchi","Skafferi","Lager","<div class=""ql-editor"" data-gramm=""false"" contenteditable=""true""><p><span style=""color: rgb(65, 66, 65);"">Pomodori secchi a filetti. Strimlade soltorkade tomater. Med en smak av italiensk matkultur, serveras våra finaste strimlade soltorkade tomater som tillbehör eller för extra smak i matlagningen.&nbsp;</span></p></div><div class=""ql-clipboard"" contenteditable=""true"" tabindex=""-1""></div><div class=""ql-tooltip ql-hidden""><a class=""ql-preview"" target=""_blank"" href=""about:blank""></a><input type=""text"" data-formula=""e=mc^2"" data-link=""https://quilljs.com"" data-video=""Embed URL""><a class=""ql-action""></a><a class=""ql-remove""></a></div>","Italien","Strimlad soltorkad tomat 53%, solrosolja, salt, vitvinsvinäger (vin (innehåller SULFIT), vatten), socker, surhetsreglerande medel (askorbinsyra).","<div class=""ql-editor"" data-gramm=""false"" contenteditable=""true""><p>Per 100 gram:</p><p>Energi&nbsp;950 kJ/ 220 kcal</p><p>Fett&nbsp;16 g</p><p>&nbsp;varav mättat fett 1.8 g</p><p>Kolhydrat&nbsp;13 g</p><p>&nbsp;varav sockerarter 9.1 g</p><p>Protein&nbsp;3.3 g</p><p>Fiber 2.9 g</p><p>Salt&nbsp;2.8 g</p></div><div class=""ql-clipboard"" contenteditable=""true"" tabindex=""-1""></div><div class=""ql-tooltip ql-hidden""><a class=""ql-preview"" target=""_blank"" href=""about:blank""></a><input type=""text"" data-formula=""e=mc^2"" data-link=""https://quilljs.com"" data-video=""Embed URL""><a class=""ql-action""></a><a class=""ql-remove""></a></div>","Förvaras torrt och svalt. Öppnad förpackning förvaras i kylskåp +8°C i ca 15 dagar.","<div class=""ql-editor"" data-gramm=""false"" contenteditable=""true""><p>Livshem har ambitionen att alltid ge rätt produkt information. Förändringar i produktens innehåll kan ske över tid, kontrollera därför alltid före användning informationen på produktens förpackning.</p></div><div class=""ql-clipboard"" contenteditable=""true"" tabindex=""-1""></div><div class=""ql-tooltip ql-hidden""><a class=""ql-preview"" target=""_blank"" href=""about:blank""></a><input type=""text"" data-formula=""e=mc^2"" data-link=""https://quilljs.com"" data-video=""Embed URL""><a class=""ql-action""></a><a class=""ql-remove""></a></div>","","35,90","","231,61 kr/kg","","In Stock","290g","","Oliver & delikatesser","Delikatesser"
"300","https://livsham2.softwarebyte.co/assets/images/product_image/63919.jpg","Djungelvrål Malaco","Godis & snacks","Lager","<div class=""ql-editor"" data-gramm=""false"" contenteditable=""true""><p><span style=""color: rgb(58, 58, 58);"">Djungelvrål kom 1982 och sedan dess har de vrålsalta lakritsdjuren varit en av Malacos favorit hos många godisälskare. Passar dig som älskar extra salt salmiak. Godispåsen innehåller 80 g. Malaco - Lördag hela veckan</span></p></div><div class=""ql-clipboard"" contenteditable=""true"" tabindex=""-1""></div><div class=""ql-tooltip ql-hidden""><a class=""ql-preview"" target=""_blank"" href=""about:blank""></a><input type=""text"" data-formula=""e=mc^2"" data-link=""https://quilljs.com"" data-video=""Embed URL""><a class=""ql-action""></a><a class=""ql-remove""></a></div>","Sverige","Glukossirap, socker, stärkelse, modifierad stärkelse, ammoniumklorid (=salmiak), lakritsextrakt, färgämne (E153), arom.","<div class=""ql-editor"" data-gramm=""false"" contenteditable=""true""><p>Per 100 g:</p><p>Energi 1481 kJ/349 kcal</p><p>Fett 0.1 g</p><p>-varav mättat fett 0 g</p><p>Kolhydrat 87 g</p><p>-varav sockerarter 48 g</p><p>Protein 0 g</p><p>Salt 0.19 g</p></div><div class=""ql-clipboard"" contenteditable=""true"" tabindex=""-1""></div><div class=""ql-tooltip ql-hidden""><a class=""ql-preview"" target=""_blank"" href=""about:blank""></a><input type=""text"" data-formula=""e=mc^2"" data-link=""https://quilljs.com"" data-video=""Embed URL""><a class=""ql-action""></a><a class=""ql-remove""></a></div>","","<div class=""ql-editor"" data-gramm=""false"" contenteditable=""true""><p><span style=""color: rgb(33, 37, 41);"">Livshem har ambitionen att alltid ge rätt produkt information. Förändringar i produktens innehåll kan ske över tid, kontrollera därför alltid före användning informationen på produktens förpackning.</span></p></div><div class=""ql-clipboard"" contenteditable=""true"" tabindex=""-1""></div><div class=""ql-tooltip ql-hidden""><a class=""ql-preview"" target=""_blank"" href=""about:blank""></a><input type=""text"" data-formula=""e=mc^2"" data-link=""https://quilljs.com"" data-video=""Embed URL""><a class=""ql-action""></a><a class=""ql-remove""></a></div>","","10,95","","136,88 kr/kg","","In Stock","80g","","Godis","Godis i påse"
"301","https://livsham2.softwarebyte.co/assets/images/product_image/28424.jpg","Tomater Soltorkade","Skafferi","Lager","<div class=""ql-editor"" data-gramm=""false"" contenteditable=""true""><p><span style=""color: rgb(26, 25, 25);"">Soltorkade tomater från Monte Castello</span></p></div><div class=""ql-clipboard"" contenteditable=""true"" tabindex=""-1""></div><div class=""ql-tooltip ql-hidden""><a class=""ql-preview"" target=""_blank"" href=""about:blank""></a><input type=""text"" data-formula=""e=mc^2"" data-link=""https://quilljs.com"" data-video=""Embed URL""><a class=""ql-action""></a><a class=""ql-remove""></a></div>","Italien","Soltorkade tomater 58%, solrosolja, salt, vinäger (vin (innehåller SULFIT), vatten), socker, surhetsreglerande medel (askorbinsyra).","<div class=""ql-editor"" data-gramm=""false"" contenteditable=""true""><p>Per 100 gram:</p><p>Energi 892 kJ/215 kcal</p><p>Fett 16 g</p><p>-varav mättat fett 1.8 g</p><p>Kolhydrat 13 g</p><p>-varav sockerarter 9.1 g</p><p>Fiber 2.9 g</p><p>Protein 3.3 g</p><p>Salt 3.2 g</p></div><div class=""ql-clipboard"" contenteditable=""true"" tabindex=""-1""></div><div class=""ql-tooltip ql-hidden""><a class=""ql-preview"" target=""_blank"" href=""about:blank""></a><input type=""text"" data-formula=""e=mc^2"" data-link=""https://quilljs.com"" data-video=""Embed URL""><a class=""ql-action""></a><a class=""ql-remove""></a></div>","Förvaras torrt och svalt. Öppnad förpackning förvaras i kylskåp +8°C","<div class=""ql-editor"" data-gramm=""false"" contenteditable=""true""><p>Livshem har ambitionen att alltid ge rätt produkt information. Förändringar i produktens innehåll kan ske över tid, kontrollera därför alltid före användning informationen på produktens förpackning.</p></div><div class=""ql-clipboard"" contenteditable=""true"" tabindex=""-1""></div><div class=""ql-tooltip ql-hidden""><a class=""ql-preview"" target=""_blank"" href=""about:blank""></a><input type=""text"" data-formula=""e=mc^2"" data-link=""https://quilljs.com"" data-video=""Embed URL""><a class=""ql-action""></a><a class=""ql-remove""></a></div>","","69,90","","124,82 kr/kg","","In Stock","970g","","Oliver & delikatesser","Delikatesser"
"302","https://livsham2.softwarebyte.co/assets/images/product_image/55251.jpg","Kinder Ägg 3-Pack","Godis & snacks","Lager","<div class=""ql-editor"" data-gramm=""false"" contenteditable=""true""><p>Kinder Suprise i äggform choklad med leksak inuti.</p><p><strong><u>OBS! Passar EJ barn under 3 år!</u></strong></p></div><div class=""ql-clipboard"" contenteditable=""true"" tabindex=""-1""></div><div class=""ql-tooltip ql-hidden""><a class=""ql-preview"" target=""_blank"" href=""about:blank""></a><input type=""text"" data-formula=""e=mc^2"" data-link=""https://quilljs.com"" data-video=""Embed URL""><a class=""ql-action""></a><a class=""ql-remove""></a></div>","Belgien","MJÖLKCHOKLAD 47% (socker, HELMJÖLKSPULVER, kakaosmör, kakaomassa, emulgeringsmedel: lecitiner (SOJA); vanillin), SKUMMJÖLKSPULVER, socker, vegetabiliska fetter (palm, shea), SMÖRKONCENTRAT, emulgeringsmedel: lecitiner (SOJA), vanillin. Mjölkbeståndsdelar totalt: 32% - Kakaohalt totalt: 15%.","<div class=""ql-editor"" data-gramm=""false"" contenteditable=""true""><p><span style=""color: rgb(38, 38, 58);"">Per 100 gram:</span></p><p><span style=""color: rgb(38, 38, 58);"">Energi 2302 kJ/552 kcal</span></p><p><span style=""color: rgb(38, 38, 58);"">Fett 34.2 g</span></p><p><span style=""color: rgb(38, 38, 58);"">-varav mättat fett 22.6 g</span></p><p><span style=""color: rgb(38, 38, 58);"">Kolhydrat 52.3 g</span></p><p><span style=""color: rgb(38, 38, 58);"">-varav sockerarter 52.1 g</span></p><p><span style=""color: rgb(38, 38, 58);"">Protein 8.1 g</span></p><p><span style=""color: rgb(38, 38, 58);"">﻿Salt 0.323 g</span></p></div><div class=""ql-clipboard"" contenteditable=""true"" tabindex=""-1""></div><div class=""ql-tooltip ql-hidden""><a class=""ql-preview"" target=""_blank"" href=""about:blank""></a><input type=""text"" data-formula=""e=mc^2"" data-link=""https://quilljs.com"" data-video=""Embed URL""><a class=""ql-action""></a><a class=""ql-remove""></a></div>","Förvaras torrt och i rumstemperatur.","<div class=""ql-editor"" data-gramm=""false"" contenteditable=""true""><p><span style=""color: rgb(33, 37, 41);"">Livshem har ambitionen att alltid ge rätt produkt information. Förändringar i produktens innehåll kan ske över tid, kontrollera därför alltid före användning informationen på produktens förpackning.</span></p></div><div class=""ql-clipboard"" contenteditable=""true"" tabindex=""-1""></div><div class=""ql-tooltip ql-hidden""><a class=""ql-preview"" target=""_blank"" href=""about:blank""></a><input type=""text"" data-formula=""e=mc^2"" data-link=""https://quilljs.com"" data-video=""Embed URL""><a class=""ql-action""></a><a class=""ql-remove""></a></div>","","26,95","","449,17 kr/kg","","In Stock","60g","","Choklad","Chocklad Ask"
"303","https://livsham2.softwarebyte.co/assets/images/product_image/65737.jpg","Nappar Lakrits Haribo","Godis & snacks","Lager","<div class=""ql-editor"" data-gramm=""false"" contenteditable=""true""><p><span style=""color: rgb(58, 58, 58);"">De populära napparna med saltlakritssmak</span></p></div><div class=""ql-clipboard"" contenteditable=""true"" tabindex=""-1""></div><div class=""ql-tooltip ql-hidden""><a class=""ql-preview"" target=""_blank"" href=""about:blank""></a><input type=""text"" data-formula=""e=mc^2"" data-link=""https://quilljs.com"" data-video=""Embed URL""><a class=""ql-action""></a><a class=""ql-remove""></a></div>","Denmark","Glukossirap; socker; majsstärkelse; mörk sirap; salt; rålakrits (3 %); ammoniumklorid; arom; palmolja; ytbehandlingsmedel: bivax vitt och gult.","<div class=""ql-editor"" data-gramm=""false"" contenteditable=""true""><p><span style=""color: rgb(38, 38, 58);"">Per 100 g:</span></p><p><span style=""color: rgb(38, 38, 58);"">Energi 1380 kJ/325 kcal</span></p><p><span style=""color: rgb(38, 38, 58);"">Fett &lt;0.50 g</span></p><p><span style=""color: rgb(38, 38, 58);"">-varav mättat fett 0.1 g</span></p><p><span style=""color: rgb(38, 38, 58);"">Kolhydrat 80 g</span></p><p><span style=""color: rgb(38, 38, 58);"">-varav sockerarter 44 g</span></p><p><span style=""color: rgb(38, 38, 58);"">Protein 0.3 g</span></p><p><span style=""color: rgb(38, 38, 58);"">Salt 4.6 g</span></p></div><div class=""ql-clipboard"" contenteditable=""true"" tabindex=""-1""></div><div class=""ql-tooltip ql-hidden""><a class=""ql-preview"" target=""_blank"" href=""about:blank""></a><input type=""text"" data-formula=""e=mc^2"" data-link=""https://quilljs.com"" data-video=""Embed URL""><a class=""ql-action""></a><a class=""ql-remove""></a></div>","Förvaras torrt och i rumstemperatur.","<div class=""ql-editor"" data-gramm=""false"" contenteditable=""true""><p><span style=""color: rgb(33, 37, 41);"">Livshem har ambitionen att alltid ge rätt produkt information. Förändringar i produktens innehåll kan ske över tid, kontrollera därför alltid före användning informationen på produktens förpackning.</span></p></div><div class=""ql-clipboard"" contenteditable=""true"" tabindex=""-1""></div><div class=""ql-tooltip ql-hidden""><a class=""ql-preview"" target=""_blank"" href=""about:blank""></a><input type=""text"" data-formula=""e=mc^2"" data-link=""https://quilljs.com"" data-video=""Embed URL""><a class=""ql-action""></a><a class=""ql-remove""></a></div>","","9,95","","124,38 kr/kg","","In Stock","80g","","Godis","Godis i påse"
"304","https://livsham2.softwarebyte.co/assets/images/product_image/47246.jpg","Olivmix","Skafferi","Lager","<div class=""ql-editor"" data-gramm=""false"" contenteditable=""true""><p>Två goda klassiker i en och samma burk. Våra urkärnade gröna och svarta oliver kommer från olika regioner i Grekland och har också helt olika smak och form. Men båda sorterna är odlade med mycket kärlek och varsamt handplockade. En perfekt olivmix för dig som inte vill välja!</p></div><div class=""ql-clipboard"" contenteditable=""true"" tabindex=""-1""></div><div class=""ql-tooltip ql-hidden""><a class=""ql-preview"" target=""_blank"" href=""about:blank""></a><input type=""text"" data-formula=""e=mc^2"" data-link=""https://quilljs.com"" data-video=""Embed URL""><a class=""ql-action""></a><a class=""ql-remove""></a></div>","Grekland","Vatten, blandade gröna och svarta oliver utan kärnor 44,8% ( oliver av sorten Halkidiki, oliver av sorten Kalamata), vinäger, extra virgin olivolja, havssalt, surhetsreglerande medel: citronsyra. Pastöriserad produkt.","<div class=""ql-editor"" data-gramm=""false"" contenteditable=""true""><p><span style=""color: rgb(38, 38, 58);"">Per 100 gram:</span></p><p><span style=""color: rgb(38, 38, 58);"">Energi 838 kJ/209 kcal</span></p><p><span style=""color: rgb(38, 38, 58);"">Fett 21.6 g</span></p><p><span style=""color: rgb(38, 38, 58);"">-varav mättat fett 3.1 g</span></p><p><span style=""color: rgb(38, 38, 58);"">Kolhydrat 1.5 g</span></p><p><span style=""color: rgb(38, 38, 58);"">-varav sockerarter 0 g</span></p><p><span style=""color: rgb(38, 38, 58);"">Protein 1.3 g</span></p><p><span style=""color: rgb(38, 38, 58);"">Salt 3.2 g</span></p></div><div class=""ql-clipboard"" contenteditable=""true"" tabindex=""-1""></div><div class=""ql-tooltip ql-hidden""><a class=""ql-preview"" target=""_blank"" href=""about:blank""></a><input type=""text"" data-formula=""e=mc^2"" data-link=""https://quilljs.com"" data-video=""Embed URL""><a class=""ql-action""></a><a class=""ql-remove""></a></div>","Förvaras mörkt och svalt. Öppnad förpackning förvaras i kylskåp och bör förbrukas inom 14 dagar.","<div class=""ql-editor"" data-gramm=""false"" contenteditable=""true""><p>Livshem har ambitionen att alltid ge rätt produkt information. Förändringar i produktens innehåll kan ske över tid, kontrollera därför alltid före användning informationen på produktens förpackning.</p></div><div class=""ql-clipboard"" contenteditable=""true"" tabindex=""-1""></div><div class=""ql-tooltip ql-hidden""><a class=""ql-preview"" target=""_blank"" href=""about:blank""></a><input type=""text"" data-formula=""e=mc^2"" data-link=""https://quilljs.com"" data-video=""Embed URL""><a class=""ql-action""></a><a class=""ql-remove""></a></div>","","32,90","","253,08 kr/kg","","In Stock","290g","","Oliver & delikatesser","Oliver"
"305","https://livsham2.softwarebyte.co/assets/images/product_image/9375.jpeg","Zoo Malaco","Godis & snacks","Lager","<div class=""ql-editor"" data-gramm=""false"" contenteditable=""true""><p><span style=""color: rgb(58, 58, 58);"">Malaco Zoo är ett av Sveriges mest kända godisvarumärken. Både innehållet och dess design med apan, giraffen och papegojan är sanna svenska klassiker i godishyllan. Små godistabletter av Zoo i ask.</span></p></div><div class=""ql-clipboard"" contenteditable=""true"" tabindex=""-1""></div><div class=""ql-tooltip ql-hidden""><a class=""ql-preview"" target=""_blank"" href=""about:blank""></a><input type=""text"" data-formula=""e=mc^2"" data-link=""https://quilljs.com"" data-video=""Embed URL""><a class=""ql-action""></a><a class=""ql-remove""></a></div>","Sverige","Glukossirap, socker, gelatin, stärkelse, syra (E270), vegetabiliska oljor (kokos, raps), arom, stabiliseringsmedel (E471), ytbehandlings (karnaubavax), färgämnen (karmin, betakaroten).","<div class=""ql-editor"" data-gramm=""false"" contenteditable=""true""><p><span style=""color: rgb(38, 38, 58);"">Per 100 g:</span></p><p><span style=""color: rgb(38, 38, 58);"">Energi 1529 kJ/360 kcal</span></p><p><span style=""color: rgb(38, 38, 58);"">Fett 0.4 g</span></p><p><span style=""color: rgb(38, 38, 58);"">-varav mättat fett 0.4 g</span></p><p><span style=""color: rgb(38, 38, 58);"">Kolhydrat 82 g</span></p><p><span style=""color: rgb(38, 38, 58);"">-varav sockerarter 66 g</span></p><p><span style=""color: rgb(38, 38, 58);"">Protein 5.8 g</span></p><p><span style=""color: rgb(38, 38, 58);"">Salt 0.05 g</span></p></div><div class=""ql-clipboard"" contenteditable=""true"" tabindex=""-1""></div><div class=""ql-tooltip ql-hidden""><a class=""ql-preview"" target=""_blank"" href=""about:blank""></a><input type=""text"" data-formula=""e=mc^2"" data-link=""https://quilljs.com"" data-video=""Embed URL""><a class=""ql-action""></a><a class=""ql-remove""></a></div>","Förvaras torrt och i rumstemperatur.","<div class=""ql-editor"" data-gramm=""false"" contenteditable=""true""><p><span style=""color: rgb(33, 37, 41);"">Livshem har ambitionen att alltid ge rätt produkt information. Förändringar i produktens innehåll kan ske över tid, kontrollera därför alltid före användning informationen på produktens förpackning.</span></p></div><div class=""ql-clipboard"" contenteditable=""true"" tabindex=""-1""></div><div class=""ql-tooltip ql-hidden""><a class=""ql-preview"" target=""_blank"" href=""about:blank""></a><input type=""text"" data-formula=""e=mc^2"" data-link=""https://quilljs.com"" data-video=""Embed URL""><a class=""ql-action""></a><a class=""ql-remove""></a></div>","","5,95","","297,50 kr/kg","","In Stock","20g","","Godis","Godis i påse"
"306","https://livsham2.softwarebyte.co/assets/images/product_image/25545.jpg","Winegums Bassetts","Godis & snacks","Lager","<div class=""ql-editor"" data-gramm=""false"" contenteditable=""true""><p><span style=""color: rgb(65, 66, 65);"">Bassets WineGums är en riktig klassiker! Brittiska vingummin som är perfekta för dig som gillar fruktiga smaker. Vingummina är färgglada och har ett härligt tuggmotstånd. Bassett's historia startade redan 1843 i England och varumärket är idag en riktigt klassiker som fortfarande håller samma traditionella engelska kvalitet. Denna påse som på 190 g är perfekt att dela med vänner och familj. Innehåller naturliga färgämnen.</span></p></div><div class=""ql-clipboard"" contenteditable=""true"" tabindex=""-1""></div><div class=""ql-tooltip ql-hidden""><a class=""ql-preview"" target=""_blank"" href=""about:blank""></a><input type=""text"" data-formula=""e=mc^2"" data-link=""https://quilljs.com"" data-video=""Embed URL""><a class=""ql-action""></a><a class=""ql-remove""></a></div>","England","Glukossirap/glucosesirup, socker/sukker, stärkelse/stivelse, gelatin, syror (äppelsyra/æblesyre, ättiksyra/eddikesyre, citronsyra), färgämnen/farver/fargestoffer (antocyaner/anthocyaniner, vegetabiliskt kol/kul/karbon, paprikaextrakt, lutein, kurkumin), kokosolja, aromer, ytbehandlingsmedel/overfladebehandlingsmiddel (karnaubavax).","<div class=""ql-editor"" data-gramm=""false"" contenteditable=""true""><p><span style=""color: rgb(38, 38, 58);"">Per 100 g:</span></p><p><span style=""color: rgb(38, 38, 58);""><span class=""ql-cursor"">﻿</span></span><span style=""color: rgb(58, 58, 58);"">Energi (kcal) 329 kcal</span></p><p><span style=""color: rgb(58, 58, 58);"">Energi (kJ) 1400 kJ</span></p><p><span style=""color: rgb(58, 58, 58);"">Fett 0.2 g</span></p><p><span style=""color: rgb(58, 58, 58);"">-varav mättat fett 0.2 g</span></p><p><span style=""color: rgb(58, 58, 58);"">Kolhydrat 76 g</span></p><p><span style=""color: rgb(58, 58, 58);"">-varav socker 57 g</span></p><p><span style=""color: rgb(58, 58, 58);"">Protein 4.8 g</span></p><p><span style=""color: rgb(58, 58, 58);"">﻿Salt 0.03 g</span></p></div><div class=""ql-clipboard"" contenteditable=""true"" tabindex=""-1""></div><div class=""ql-tooltip ql-hidden""><a class=""ql-preview"" target=""_blank"" href=""about:blank""></a><input type=""text"" data-formula=""e=mc^2"" data-link=""https://quilljs.com"" data-video=""Embed URL""><a class=""ql-action""></a><a class=""ql-remove""></a></div>","Förvaras torrt och i rumstemperatur.","<div class=""ql-editor"" data-gramm=""false"" contenteditable=""true""><p><span style=""color: rgb(33, 37, 41);"">Livshem har ambitionen att alltid ge rätt produkt information. Förändringar i produktens innehåll kan ske över tid, kontrollera därför alltid före användning informationen på produktens förpackning.</span></p></div><div class=""ql-clipboard"" contenteditable=""true"" tabindex=""-1""></div><div class=""ql-tooltip ql-hidden""><a class=""ql-preview"" target=""_blank"" href=""about:blank""></a><input type=""text"" data-formula=""e=mc^2"" data-link=""https://quilljs.com"" data-video=""Embed URL""><a class=""ql-action""></a><a class=""ql-remove""></a></div>","","19,95","","105,00 kr/kg","","In Stock","190g","","Godis","Godis i påse"
"307","https://livsham2.softwarebyte.co/assets/images/product_image/1387.jpg","Oliver Kalamata kärnfria","Skafferi","Lager","<div class=""ql-editor"" data-gramm=""false"" contenteditable=""true""><p>Greklands mest kända oliv med fruktig och fyllig smak. Den vackra, svarta oliven har odlats i tusentals år och är älskad världen över för sin goda smak. En självklarhet i varje grekisk sallad och som tilltugg till både vardag och fest.</p></div><div class=""ql-clipboard"" contenteditable=""true"" tabindex=""-1""></div><div class=""ql-tooltip ql-hidden""><a class=""ql-preview"" target=""_blank"" href=""about:blank""></a><input type=""text"" data-formula=""e=mc^2"" data-link=""https://quilljs.com"" data-video=""Embed URL""><a class=""ql-action""></a><a class=""ql-remove""></a></div>","Grekland","Vatten, urkärnade oliver av sorten Kalamata (44,8%), vinäger, extra virgin olivolja, havssalt. Pastöriserad produkt. Kan innehålla enstaka kärnor eller kärnrester.","<div class=""ql-editor"" data-gramm=""false"" contenteditable=""true""><p><span style=""color: rgb(38, 38, 58);"">Per 100 gram:</span></p><p><span style=""color: rgb(38, 38, 58);"">Energi 1115 kJ/271 kcal</span></p><p><span style=""color: rgb(38, 38, 58);"">Fett 28.7 g</span></p><p><span style=""color: rgb(38, 38, 58);"">-varav mättat fett 3.7 g</span></p><p><span style=""color: rgb(38, 38, 58);"">Kolhydrat 0.6 g</span></p><p><span style=""color: rgb(38, 38, 58);"">varav sockerarter &lt;0.1 g</span></p><p><span style=""color: rgb(38, 38, 58);"">Protein 1.6 g</span></p><p><span style=""color: rgb(38, 38, 58);"">Salt 3.3 g</span></p></div><div class=""ql-clipboard"" contenteditable=""true"" tabindex=""-1""></div><div class=""ql-tooltip ql-hidden""><a class=""ql-preview"" target=""_blank"" href=""about:blank""></a><input type=""text"" data-formula=""e=mc^2"" data-link=""https://quilljs.com"" data-video=""Embed URL""><a class=""ql-action""></a><a class=""ql-remove""></a></div>","Förvaras mörkt och svalt. Öppnad förpackning förvaras i kylskåp och bör förbrukas inom 14 dagar.","<div class=""ql-editor"" data-gramm=""false"" contenteditable=""true""><p>Livshem har ambitionen att alltid ge rätt produkt information. Förändringar i produktens innehåll kan ske över tid, kontrollera därför alltid före användning informationen på produktens förpackning.</p></div><div class=""ql-clipboard"" contenteditable=""true"" tabindex=""-1""></div><div class=""ql-tooltip ql-hidden""><a class=""ql-preview"" target=""_blank"" href=""about:blank""></a><input type=""text"" data-formula=""e=mc^2"" data-link=""https://quilljs.com"" data-video=""Embed URL""><a class=""ql-action""></a><a class=""ql-remove""></a></div>","","32,90","","253,08 kr/kg","","In Stock","290g","","Oliver & delikatesser","Oliver"
"308","https://livsham2.softwarebyte.co/assets/images/product_image/48913.jpg","S-märke Supersalt","Godis & snacks","Lager","<div class=""ql-editor"" data-gramm=""false"" contenteditable=""true""><p><span style=""color: rgb(38, 38, 58);"">S-märke är en storsäljande klassiskt favorit i godissegmentet bland såväl lösvikt som i påse. Genom åren har produkten kommit ut i flera olika smaker och finns idag både som gelégodis och i skumkonsistens. Du kan idag hitta S-märke i 8 olika smaker. Med sin intensiva smak brukar produkten bli en favorit hos konsumenter som föredrar supersalt eller supersurt godis. Produkten är tillverkad i Sverige och har varit en tradition sedan 1956.</span></p></div><div class=""ql-clipboard"" contenteditable=""true"" tabindex=""-1""></div><div class=""ql-tooltip ql-hidden""><a class=""ql-preview"" target=""_blank"" href=""about:blank""></a><input type=""text"" data-formula=""e=mc^2"" data-link=""https://quilljs.com"" data-video=""Embed URL""><a class=""ql-action""></a><a class=""ql-remove""></a></div>","Sverige","glukos, socker, gelatin(nöt), ammoniumklorid(E510), lakrits, färgämne(E153), aromer.","<div class=""ql-editor"" data-gramm=""false"" contenteditable=""true""><p><span style=""color: rgb(38, 38, 58);"">Per 100 g:</span></p><p><span style=""color: rgb(38, 38, 58);"">Energi 1400 kJ/340 kcal</span></p><p><span style=""color: rgb(38, 38, 58);"">Fett 0 g</span></p><p><span style=""color: rgb(38, 38, 58);"">-varav mättat fett 0 g</span></p><p><span style=""color: rgb(38, 38, 58);"">Kolhydrat 77 g</span></p><p><span style=""color: rgb(38, 38, 58);"">-varav sockerarter 54 g</span></p><p><span style=""color: rgb(38, 38, 58);"">Protein 5.6 g</span></p><p><span style=""color: rgb(38, 38, 58);"">Salt 0 g</span></p></div><div class=""ql-clipboard"" contenteditable=""true"" tabindex=""-1""></div><div class=""ql-tooltip ql-hidden""><a class=""ql-preview"" target=""_blank"" href=""about:blank""></a><input type=""text"" data-formula=""e=mc^2"" data-link=""https://quilljs.com"" data-video=""Embed URL""><a class=""ql-action""></a><a class=""ql-remove""></a></div>","Förvaras torrt och i rumstemperatur.","<div class=""ql-editor"" data-gramm=""false"" contenteditable=""true""><p><span style=""color: rgb(33, 37, 41);"">Livshem har ambitionen att alltid ge rätt produkt information. Förändringar i produktens innehåll kan ske över tid, kontrollera därför alltid före användning informationen på produktens förpackning.</span></p></div><div class=""ql-clipboard"" contenteditable=""true"" tabindex=""-1""></div><div class=""ql-tooltip ql-hidden""><a class=""ql-preview"" target=""_blank"" href=""about:blank""></a><input type=""text"" data-formula=""e=mc^2"" data-link=""https://quilljs.com"" data-video=""Embed URL""><a class=""ql-action""></a><a class=""ql-remove""></a></div>","","10,95","","136,88 kr/kg","","In Stock","80g","","Godis","Godis i påse"
"309","https://livsham2.softwarebyte.co/assets/images/product_image/46941.jpg","Mentos Mint","Godis & snacks","Lager","<div class=""ql-editor"" data-gramm=""false"" contenteditable=""true""><p><span style=""color: rgb(58, 58, 58);"">Mentos med mintsmak är tuggvänliga godistabletter som fräschar upp andedräkten. Tabletterna är ovalformade med ett hårt skal och mjuk kärna.</span></p></div><div class=""ql-clipboard"" contenteditable=""true"" tabindex=""-1""></div><div class=""ql-tooltip ql-hidden""><a class=""ql-preview"" target=""_blank"" href=""about:blank""></a><input type=""text"" data-formula=""e=mc^2"" data-link=""https://quilljs.com"" data-video=""Embed URL""><a class=""ql-action""></a><a class=""ql-remove""></a></div>","Sverige","Socker, glukossirap, kokosolja, stärkelse, kakaosmör, naturliga mint aromämnen, MALTODEXTRIN, förtjockningsmedel (gellangummi, cellulosagummi, gummi arabicum), emulgeringsmedel (sackarosestrar av fettsyror), ytbehandlingsmedel (karnaubavax).","<div class=""ql-editor"" data-gramm=""false"" contenteditable=""true""><p><span style=""color: rgb(38, 38, 58);"">Per 100 g:</span></p><p><span style=""color: rgb(38, 38, 58);"">Energi 16653 kJ/390 kcal</span></p><p><span style=""color: rgb(38, 38, 58);"">Fett 1.9 g</span></p><p><span style=""color: rgb(38, 38, 58);"">-varav mättat fett 1.9 g</span></p><p><span style=""color: rgb(38, 38, 58);"">Kolhydrat 93 g</span></p><p><span style=""color: rgb(38, 38, 58);"">-varav sockerarter 69 g</span></p><p><span style=""color: rgb(38, 38, 58);"">Protein 0 g</span></p><p><span style=""color: rgb(38, 38, 58);"">Salt 0.1 g</span></p></div><div class=""ql-clipboard"" contenteditable=""true"" tabindex=""-1""></div><div class=""ql-tooltip ql-hidden""><a class=""ql-preview"" target=""_blank"" href=""about:blank""></a><input type=""text"" data-formula=""e=mc^2"" data-link=""https://quilljs.com"" data-video=""Embed URL""><a class=""ql-action""></a><a class=""ql-remove""></a></div>","Förvaras torrt och i rumstemperatur.","<div class=""ql-editor"" data-gramm=""false"" contenteditable=""true""><p><span style=""color: rgb(33, 37, 41);"">Livshem har ambitionen att alltid ge rätt produkt information. Förändringar i produktens innehåll kan ske över tid, kontrollera därför alltid före användning informationen på produktens förpackning.</span></p></div><div class=""ql-clipboard"" contenteditable=""true"" tabindex=""-1""></div><div class=""ql-tooltip ql-hidden""><a class=""ql-preview"" target=""_blank"" href=""about:blank""></a><input type=""text"" data-formula=""e=mc^2"" data-link=""https://quilljs.com"" data-video=""Embed URL""><a class=""ql-action""></a><a class=""ql-remove""></a></div>","","9,95","","261,84 kr/kg","","In Stock","38g","","Godis","Godis i påse"
"310","https://livsham2.softwarebyte.co/assets/images/product_image/30191.jpeg","Oliver Halkidiki utan kärnor ekologiska","Skafferi","Lager","<div class=""ql-editor"" data-gramm=""false"" contenteditable=""true""><p>Ekologiska gröna oliver av sorten Halkidiki är handplockade från familjeägda gårdar i Halkidiki-regionen, och kända för sin goda smak och fasta, krispiga konsistens. Godast kylda och passar extra bra till ostbrickan, i sallader eller som tilltugg i maten.</p></div><div class=""ql-clipboard"" contenteditable=""true"" tabindex=""-1""></div><div class=""ql-tooltip ql-hidden""><a class=""ql-preview"" target=""_blank"" href=""about:blank""></a><input type=""text"" data-formula=""e=mc^2"" data-link=""https://quilljs.com"" data-video=""Embed URL""><a class=""ql-action""></a><a class=""ql-remove""></a></div>","Grekland","Urkärnade gröna oliver av sorten Halkidiki* (50%), vatten, havssalt, surhetsreglerande medel: citronsyra, antioxidationsmedel: askorbinsyra. *= Ekologisk produkt. Pastöriserad produkt. OBS! Maskinellt urkärnade. Kan innehålla kärnor eller kärnrester.","<div class=""ql-editor"" data-gramm=""false"" contenteditable=""true""><p><span style=""color: rgb(38, 38, 58);"">Per 100 gram:</span></p><p><span style=""color: rgb(38, 38, 58);"">Energi 608 kJ/148 kcal</span></p><p><span style=""color: rgb(38, 38, 58);"">Fett 14.4 g</span></p><p><span style=""color: rgb(38, 38, 58);"">-varav mättat fett 2.5 g</span></p><p><span style=""color: rgb(38, 38, 58);"">Kolhydrat 2.4 g</span></p><p><span style=""color: rgb(38, 38, 58);"">-varav sockerarter </span>0.1 g</p><p><span style=""color: rgb(38, 38, 58);"">Protein 0.9 g</span></p><p><span style=""color: rgb(38, 38, 58);"">Salt 3 g</span></p></div><div class=""ql-clipboard"" contenteditable=""true"" tabindex=""-1""></div><div class=""ql-tooltip ql-hidden""><a class=""ql-preview"" target=""_blank"" href=""about:blank""></a><input type=""text"" data-formula=""e=mc^2"" data-link=""https://quilljs.com"" data-video=""Embed URL""><a class=""ql-action""></a><a class=""ql-remove""></a></div>","Förvaras mörkt och svalt. Öppnad förpackning förvaras i kylskåp.","<div class=""ql-editor"" data-gramm=""false"" contenteditable=""true""><p>Livshem har ambitionen att alltid ge rätt produkt information. Förändringar i produktens innehåll kan ske över tid, kontrollera därför alltid före användning informationen på produktens förpackning.</p></div><div class=""ql-clipboard"" contenteditable=""true"" tabindex=""-1""></div><div class=""ql-tooltip ql-hidden""><a class=""ql-preview"" target=""_blank"" href=""about:blank""></a><input type=""text"" data-formula=""e=mc^2"" data-link=""https://quilljs.com"" data-video=""Embed URL""><a class=""ql-action""></a><a class=""ql-remove""></a></div>","","30,90","","206,00","","In Stock","300g","","Oliver & delikatesser","Oliver"
"311","https://livsham2.softwarebyte.co/assets/images/product_image/53198.jpg","Peacemärke Jordgubb & Lakrits","Godis & snacks","Lager","<div class=""ql-editor"" data-gramm=""false"" contenteditable=""true""><p><span style=""color: rgb(58, 58, 58);"">Peacemärke är ett klassisk gelegodis där de goda smakerna jordgubb/lakrits kompletterar varandra fint tillsammans med ett salt sockeröverdrag. Formen på produkten består utav ett peacemärke, därav namnets uppkomst.</span></p></div><div class=""ql-clipboard"" contenteditable=""true"" tabindex=""-1""></div><div class=""ql-tooltip ql-hidden""><a class=""ql-preview"" target=""_blank"" href=""about:blank""></a><input type=""text"" data-formula=""e=mc^2"" data-link=""https://quilljs.com"" data-video=""Embed URL""><a class=""ql-action""></a><a class=""ql-remove""></a></div>","Sverige","Socker, glukos,gelatin (nöt), surhetsreglerande medel( äppelsyra, natriumcitrat), lakrits, aromer, färgämne (karmin, vegetabiliskt kol).","<div class=""ql-editor"" data-gramm=""false"" contenteditable=""true""><p><span style=""color: rgb(38, 38, 58);"">Per 100 g:</span></p><p><span style=""color: rgb(38, 38, 58);"">Energi 1500 kJ/360 kcal</span></p><p><span style=""color: rgb(38, 38, 58);"">Fett 0 g</span></p><p><span style=""color: rgb(38, 38, 58);"">-varav mättat fett 0 g</span></p><p><span style=""color: rgb(38, 38, 58);"">Kolhydrat 81 g</span></p><p><span style=""color: rgb(38, 38, 58);"">-varav sockerarter 58 g</span></p><p><span style=""color: rgb(38, 38, 58);"">Protein 5.6 g</span></p><p><span style=""color: rgb(38, 38, 58);"">Salt 0.1 g</span></p></div><div class=""ql-clipboard"" contenteditable=""true"" tabindex=""-1""></div><div class=""ql-tooltip ql-hidden""><a class=""ql-preview"" target=""_blank"" href=""about:blank""></a><input type=""text"" data-formula=""e=mc^2"" data-link=""https://quilljs.com"" data-video=""Embed URL""><a class=""ql-action""></a><a class=""ql-remove""></a></div>","Förvaras torrt och i rumstemperatur.","<div class=""ql-editor"" data-gramm=""false"" contenteditable=""true""><p><span style=""color: rgb(33, 37, 41);"">Livshem har ambitionen att alltid ge rätt produkt information. Förändringar i produktens innehåll kan ske över tid, kontrollera därför alltid före användning informationen på produktens förpackning.</span></p></div><div class=""ql-clipboard"" contenteditable=""true"" tabindex=""-1""></div><div class=""ql-tooltip ql-hidden""><a class=""ql-preview"" target=""_blank"" href=""about:blank""></a><input type=""text"" data-formula=""e=mc^2"" data-link=""https://quilljs.com"" data-video=""Embed URL""><a class=""ql-action""></a><a class=""ql-remove""></a></div>","","10,95","","136,88 kr/kg","","In Stock","80g","","Godis","Godis i påse"
"312","https://livsham2.softwarebyte.co/assets/images/product_image/89450.jpg","S-märken Salt Skum","Godis & snacks","Lager","<div class=""ql-editor"" data-gramm=""false"" contenteditable=""true""><p>S-märke är en storsäljande klassiskt favorit i godissegmentet bland såväl lösvikt som i påse. Genom åren har produkten kommit ut i flera olika smaker och finns idag både som gelégodis och i skumkonsistens. Du kan idag hitta S-märke i 8 olika smaker. Med sin intensiva smak brukar produkten bli en favorit hos konsumenter som föredrar supersalt eller supersurt godis. Produkten är tillverkad i Sverige och har varit en tradition sedan 1956.</p></div><div class=""ql-clipboard"" contenteditable=""true"" tabindex=""-1""></div><div class=""ql-tooltip ql-hidden""><a class=""ql-preview"" target=""_blank"" href=""about:blank""></a><input type=""text"" data-formula=""e=mc^2"" data-link=""https://quilljs.com"" data-video=""Embed URL""><a class=""ql-action""></a><a class=""ql-remove""></a></div>","Sverige","Socker, invertsocker, glykos, ammoniumklorid(E510), gelatin(nöt), livsmedelfärger(E153), lakrits, vatten, aromer.","<div class=""ql-editor"" data-gramm=""false"" contenteditable=""true""><p><span style=""color: rgb(38, 38, 58);"">Per 100 g:</span></p><p><span style=""color: rgb(38, 38, 58);""><span class=""ql-cursor"">﻿</span></span><span style=""color: rgb(58, 58, 58);"">Energi (kcal) 350 kcal</span></p><p><span style=""color: rgb(58, 58, 58);"">Energi (kJ) 1450 kJ</span></p><p><span style=""color: rgb(58, 58, 58);"">Fett 0 g</span></p><p><span style=""color: rgb(58, 58, 58);"">-varav mättat fett 0 g</span></p><p><span style=""color: rgb(58, 58, 58);"">Kolhydrat 83 g</span></p><p><span style=""color: rgb(58, 58, 58);"">-varav socker 77 g</span></p><p><span style=""color: rgb(58, 58, 58);"">Protein 2.8 g</span></p><p><span style=""color: rgb(58, 58, 58);"">﻿Salt 0 g</span></p></div><div class=""ql-clipboard"" contenteditable=""true"" tabindex=""-1""></div><div class=""ql-tooltip ql-hidden""><a class=""ql-preview"" target=""_blank"" href=""about:blank""></a><input type=""text"" data-formula=""e=mc^2"" data-link=""https://quilljs.com"" data-video=""Embed URL""><a class=""ql-action""></a><a class=""ql-remove""></a></div>","Förvaras torrt och i rumstemperatur.","<div class=""ql-editor"" data-gramm=""false"" contenteditable=""true""><p><span style=""color: rgb(33, 37, 41);"">Livshem har ambitionen att alltid ge rätt produkt information. Förändringar i produktens innehåll kan ske över tid, kontrollera därför alltid före användning informationen på produktens förpackning.</span></p></div><div class=""ql-clipboard"" contenteditable=""true"" tabindex=""-1""></div><div class=""ql-tooltip ql-hidden""><a class=""ql-preview"" target=""_blank"" href=""about:blank""></a><input type=""text"" data-formula=""e=mc^2"" data-link=""https://quilljs.com"" data-video=""Embed URL""><a class=""ql-action""></a><a class=""ql-remove""></a></div>","","10,95","","156,43 kr/kg","","In Stock","70g","","Godis","Godis i påse"
"313","https://livsham2.softwarebyte.co/assets/images/product_image/1411.jpg","S-märken Sura Skum","Godis & snacks","Lager","<div class=""ql-editor"" data-gramm=""false"" contenteditable=""true""><p>S-märke är en storsäljande klassiskt favorit i godissegmentet bland såväl lösvikt som i påse. Genom åren har produkten kommit ut i flera olika smaker och finns idag både som gelégodis och i skumkonsistens. Du kan idag hitta S-märke i 8 olika smaker. Med sin intensiva smak brukar produkten bli en favorit hos konsumenter som föredrar supersalt eller supersurt godis. Produkten är tillverkad i Sverige och har varit en tradition sedan 1956.</p></div><div class=""ql-clipboard"" contenteditable=""true"" tabindex=""-1""></div><div class=""ql-tooltip ql-hidden""><a class=""ql-preview"" target=""_blank"" href=""about:blank""></a><input type=""text"" data-formula=""e=mc^2"" data-link=""https://quilljs.com"" data-video=""Embed URL""><a class=""ql-action""></a><a class=""ql-remove""></a></div>","Sverige","Socker, invertsocker, glukos, gelatin(nöt), äppelsyra(E296), aromer, natriumcitrat(E331), färgämnen: E100, E120, E141.","<div class=""ql-editor"" data-gramm=""false"" contenteditable=""true""><p><span style=""color: rgb(38, 38, 58);"">Per 100 g:</span></p><p><span style=""color: rgb(38, 38, 58);""><span class=""ql-cursor"">﻿</span></span><span style=""color: rgb(58, 58, 58);"">Energi (kcal) 370 kcal</span></p><p><span style=""color: rgb(58, 58, 58);"">Energi (kJ) 1550 kJ</span></p><p><span style=""color: rgb(58, 58, 58);"">Fett 0 g</span></p><p><span style=""color: rgb(58, 58, 58);"">-varav mättat fett 0 g</span></p><p><span style=""color: rgb(58, 58, 58);"">Kolhydrat 85 g</span></p><p><span style=""color: rgb(58, 58, 58);"">-varav socker 79 g</span></p><p><span style=""color: rgb(58, 58, 58);"">Protein 3 g</span></p><p><span style=""color: rgb(58, 58, 58);"">﻿Salt 0.1 g</span></p></div><div class=""ql-clipboard"" contenteditable=""true"" tabindex=""-1""></div><div class=""ql-tooltip ql-hidden""><a class=""ql-preview"" target=""_blank"" href=""about:blank""></a><input type=""text"" data-formula=""e=mc^2"" data-link=""https://quilljs.com"" data-video=""Embed URL""><a class=""ql-action""></a><a class=""ql-remove""></a></div>","Förvaras torrt och i rumstemperatur.","<div class=""ql-editor"" data-gramm=""false"" contenteditable=""true""><p><span style=""color: rgb(33, 37, 41);"">Livshem har ambitionen att alltid ge rätt produkt information. Förändringar i produktens innehåll kan ske över tid, kontrollera därför alltid före användning informationen på produktens förpackning.</span></p></div><div class=""ql-clipboard"" contenteditable=""true"" tabindex=""-1""></div><div class=""ql-tooltip ql-hidden""><a class=""ql-preview"" target=""_blank"" href=""about:blank""></a><input type=""text"" data-formula=""e=mc^2"" data-link=""https://quilljs.com"" data-video=""Embed URL""><a class=""ql-action""></a><a class=""ql-remove""></a></div>","","10,95","","156,43 kr/kg","","In Stock","70g","","Godis","Godis i påse"
"314","https://livsham2.softwarebyte.co/assets/images/product_image/45494.jpeg","Oliver Halkidiki med Pimento","Skafferi","Lager","<div class=""ql-editor"" data-gramm=""false"" contenteditable=""true""><p>Stora gröna Halkidikioliver fyllda med pimiento. Krispiga oliver med balanserad sälta. Serveras som drinktilltugg, godast kylda.</p></div><div class=""ql-clipboard"" contenteditable=""true"" tabindex=""-1""></div><div class=""ql-tooltip ql-hidden""><a class=""ql-preview"" target=""_blank"" href=""about:blank""></a><input type=""text"" data-formula=""e=mc^2"" data-link=""https://quilljs.com"" data-video=""Embed URL""><a class=""ql-action""></a><a class=""ql-remove""></a></div>","England","Urkärnade oliver av sorten Halkidiki (47,6%), vatten, pimientopasta 8,4% (vatten, röd paprika, konsistensmedel: kalciumklorid, förtjockningsmedel: natriumalginat, guarkärnmjöl, konserveringsmedel: kaliumsorbat, salt, surhetsreglerande medel: citronsyra, mjölksyra), salt, surhetsreglerande medel: citronsyra, antioxidationsmedel: askorbinsyra. Pastöriserad produkt. Kan innehålla enstaka kärnor eller kärnrester.","<div class=""ql-editor"" data-gramm=""false"" contenteditable=""true""><p><span style=""color: rgb(38, 38, 58);"">Per 100 gram:</span></p><p><span style=""color: rgb(38, 38, 58);"">Energi 513 kJ/123 kcal</span></p><p><span style=""color: rgb(38, 38, 58);"">Fett 12.2 g</span></p><p><span style=""color: rgb(38, 38, 58);"">-varav mättat fett 1.84 g</span></p><p><span style=""color: rgb(38, 38, 58);"">Kolhydrat &lt;1 g</span></p><p><span style=""color: rgb(38, 38, 58);"">-varav sockerarter &lt;0.5 g</span></p><p><span style=""color: rgb(38, 38, 58);"">Protein 1.2 g</span></p><p><span style=""color: rgb(38, 38, 58);"">Salt 3 g</span></p></div><div class=""ql-clipboard"" contenteditable=""true"" tabindex=""-1""></div><div class=""ql-tooltip ql-hidden""><a class=""ql-preview"" target=""_blank"" href=""about:blank""></a><input type=""text"" data-formula=""e=mc^2"" data-link=""https://quilljs.com"" data-video=""Embed URL""><a class=""ql-action""></a><a class=""ql-remove""></a></div>","Förvaras mörkt och svalt. Öppnad förpackning förvaras i kylskåp.","<div class=""ql-editor"" data-gramm=""false"" contenteditable=""true""><p>Livshem har ambitionen att alltid ge rätt produkt information. Förändringar i produktens innehåll kan ske över tid, kontrollera därför alltid före användning informationen på produktens förpackning.</p></div><div class=""ql-clipboard"" contenteditable=""true"" tabindex=""-1""></div><div class=""ql-tooltip ql-hidden""><a class=""ql-preview"" target=""_blank"" href=""about:blank""></a><input type=""text"" data-formula=""e=mc^2"" data-link=""https://quilljs.com"" data-video=""Embed URL""><a class=""ql-action""></a><a class=""ql-remove""></a></div>","","31,90","","113,93 kr/kg","","In Stock","500g","","Oliver & delikatesser","Oliver"
"315","https://livsham2.softwarebyte.co/assets/images/product_image/32758.jpeg","Oliver Kalamata utan kärnor ekologiska","Skafferi","Lager","<div class=""ql-editor"" data-gramm=""false"" contenteditable=""true""><p>Ekologiska kalamataoliver utan kärna kommer med fruktig och fyllig smak och är en självklarhet i varje grekisk sallad och som tilltug på charkbrickan, som snacks eller i matlagning för att förhöja smaken. Passar både vardag och fest! Lagen kan med fördel också användas i pastavatten som smakhöjare. Serveras gärna kyld.</p></div><div class=""ql-clipboard"" contenteditable=""true"" tabindex=""-1""></div><div class=""ql-tooltip ql-hidden""><a class=""ql-preview"" target=""_blank"" href=""about:blank""></a><input type=""text"" data-formula=""e=mc^2"" data-link=""https://quilljs.com"" data-video=""Embed URL""><a class=""ql-action""></a><a class=""ql-remove""></a></div>","Grekland","Urkärnade oliver av sorten Kalamata* (50%), vatten, vinäger*, havssalt. *= Ekologisk produkt. Pastöriserad produkt. OBS! Maskinellt urkärnade. Kan innehålla kärnor eller kärnrester.","<div class=""ql-editor"" data-gramm=""false"" contenteditable=""true""><p><span style=""color: rgb(38, 38, 58);"">Per 100 gram:</span></p><p><span style=""color: rgb(38, 38, 58);"">Energi 971 kJ/235 kcal</span></p><p><span style=""color: rgb(38, 38, 58);"">Fett 22.4 g</span></p><p><span style=""color: rgb(38, 38, 58);"">-varav mättat fett 3.6 g</span></p><p><span style=""color: rgb(38, 38, 58);"">Kolhydrat 5.3 g</span></p><p><span style=""color: rgb(38, 38, 58);"">-varav sockerarter&nbsp;</span>0.1 g</p><p><span style=""color: rgb(38, 38, 58);"">Protein 1.8 g</span></p><p><span style=""color: rgb(38, 38, 58);"">Salt 3.4 g</span></p></div><div class=""ql-clipboard"" contenteditable=""true"" tabindex=""-1""></div><div class=""ql-tooltip ql-hidden""><a class=""ql-preview"" target=""_blank"" href=""about:blank""></a><input type=""text"" data-formula=""e=mc^2"" data-link=""https://quilljs.com"" data-video=""Embed URL""><a class=""ql-action""></a><a class=""ql-remove""></a></div>","Förvaras mörkt och svalt. Öppnad förpackning förvaras i kylskåp. Serveras gärna kyld.","<div class=""ql-editor"" data-gramm=""false"" contenteditable=""true""><p>Livshem har ambitionen att alltid ge rätt produkt information. Förändringar i produktens innehåll kan ske över tid, kontrollera därför alltid före användning informationen på produktens förpackning.</p></div><div class=""ql-clipboard"" contenteditable=""true"" tabindex=""-1""></div><div class=""ql-tooltip ql-hidden""><a class=""ql-preview"" target=""_blank"" href=""about:blank""></a><input type=""text"" data-formula=""e=mc^2"" data-link=""https://quilljs.com"" data-video=""Embed URL""><a class=""ql-action""></a><a class=""ql-remove""></a></div>","","38,90","","259,33 kr/kg","","In Stock","300g","","Oliver & delikatesser","Oliver"
"316","https://livsham2.softwarebyte.co/assets/images/product_image/54913.jpg","Kryptoniter Sura & Salta","Godis & snacks","Lager","<div class=""ql-editor"" data-gramm=""false"" contenteditable=""true""><p>Sura och salta godisbitar.</p></div><div class=""ql-clipboard"" contenteditable=""true"" tabindex=""-1""></div><div class=""ql-tooltip ql-hidden""><a class=""ql-preview"" target=""_blank"" href=""about:blank""></a><input type=""text"" data-formula=""e=mc^2"" data-link=""https://quilljs.com"" data-video=""Embed URL""><a class=""ql-action""></a><a class=""ql-remove""></a></div>","Sverige","Socker, glykos, citronsyra, amoniumcloride, lakrits. Färgämne: E 120, E 153.","<div class=""ql-editor"" data-gramm=""false"" contenteditable=""true""><p><span style=""color: rgb(38, 38, 58);"">Per 100 g:</span></p><p><span style=""color: rgb(38, 38, 58);""><span class=""ql-cursor"">﻿</span></span><span style=""color: rgb(58, 58, 58);"">Energi (kcal) 1 kcal</span></p><p><span style=""color: rgb(58, 58, 58);"">Energi (kJ) 1 kJ</span></p><p><span style=""color: rgb(58, 58, 58);"">Fett 0 g</span></p><p><span style=""color: rgb(58, 58, 58);"">-varav mättat fett 0 g</span></p><p><span style=""color: rgb(58, 58, 58);"">Kolhydrater 1 g</span></p><p><span style=""color: rgb(58, 58, 58);"">-varav socker 1 g</span></p><p><span style=""color: rgb(58, 58, 58);"">Protein 0 g</span></p><p><span style=""color: rgb(58, 58, 58);"">﻿Salt 0 g</span></p></div><div class=""ql-clipboard"" contenteditable=""true"" tabindex=""-1""></div><div class=""ql-tooltip ql-hidden""><a class=""ql-preview"" target=""_blank"" href=""about:blank""></a><input type=""text"" data-formula=""e=mc^2"" data-link=""https://quilljs.com"" data-video=""Embed URL""><a class=""ql-action""></a><a class=""ql-remove""></a></div>","Förvaras oöppnad i rumstemperatur. Serveras bäst kall.","<div class=""ql-editor"" data-gramm=""false"" contenteditable=""true""><p><span style=""color: rgb(33, 37, 41);"">Livshem har ambitionen att alltid ge rätt produkt information. Förändringar i produktens innehåll kan ske över tid, kontrollera därför alltid före användning informationen på produktens förpackning.</span></p></div><div class=""ql-clipboard"" contenteditable=""true"" tabindex=""-1""></div><div class=""ql-tooltip ql-hidden""><a class=""ql-preview"" target=""_blank"" href=""about:blank""></a><input type=""text"" data-formula=""e=mc^2"" data-link=""https://quilljs.com"" data-video=""Embed URL""><a class=""ql-action""></a><a class=""ql-remove""></a></div>","","8,95","","149,17 kr/kg","","In Stock","60g","","Godis","Godis i påse"
"318","https://livsham2.softwarebyte.co/assets/images/product_image/80318.jpg","Filidutter Banan","Godis & snacks","Lager","<div class=""ql-editor"" data-gramm=""false"" contenteditable=""true""><p>Hårda runda godisbitar salta och sura.</p></div><div class=""ql-clipboard"" contenteditable=""true"" tabindex=""-1""></div><div class=""ql-tooltip ql-hidden""><a class=""ql-preview"" target=""_blank"" href=""about:blank""></a><input type=""text"" data-formula=""e=mc^2"" data-link=""https://quilljs.com"" data-video=""Embed URL""><a class=""ql-action""></a><a class=""ql-remove""></a></div>","Sverige","Socker, stärkelsesirap, ammoniumklorid, surhetsreglerande medel (E296), lakritspulver, arom, färgämne (E100).","<div class=""ql-editor"" data-gramm=""false"" contenteditable=""true""><p><span style=""color: rgb(38, 38, 58);"">Per 100 g:</span></p><p><span style=""color: rgb(38, 38, 58);""><span class=""ql-cursor"">﻿</span></span><span style=""color: rgb(58, 58, 58);"">Energi (kcal) 390 kcal</span></p><p><span style=""color: rgb(58, 58, 58);"">Energi (kJ) 1620 kJ</span></p><p><span style=""color: rgb(58, 58, 58);"">Fett 0 g</span></p><p><span style=""color: rgb(58, 58, 58);"">-varav mättat fett 0 g</span></p><p><span style=""color: rgb(58, 58, 58);"">Kolhydrat 93.9 g</span></p><p><span style=""color: rgb(58, 58, 58);"">-varav socker 73.8 g</span></p><p><span style=""color: rgb(58, 58, 58);"">Protein 0 g</span></p><p><span style=""color: rgb(58, 58, 58);"">﻿Salt 0 g</span></p></div><div class=""ql-clipboard"" contenteditable=""true"" tabindex=""-1""></div><div class=""ql-tooltip ql-hidden""><a class=""ql-preview"" target=""_blank"" href=""about:blank""></a><input type=""text"" data-formula=""e=mc^2"" data-link=""https://quilljs.com"" data-video=""Embed URL""><a class=""ql-action""></a><a class=""ql-remove""></a></div>","Förvaras torrt och i rumstemperatur.","<div class=""ql-editor"" data-gramm=""false"" contenteditable=""true""><p><span style=""color: rgb(33, 37, 41);"">Livshem har ambitionen att alltid ge rätt produkt information. Förändringar i produktens innehåll kan ske över tid, kontrollera därför alltid före användning informationen på produktens förpackning.</span></p></div><div class=""ql-clipboard"" contenteditable=""true"" tabindex=""-1""></div><div class=""ql-tooltip ql-hidden""><a class=""ql-preview"" target=""_blank"" href=""about:blank""></a><input type=""text"" data-formula=""e=mc^2"" data-link=""https://quilljs.com"" data-video=""Embed URL""><a class=""ql-action""></a><a class=""ql-remove""></a></div>","","8,95","","137,69 kr/kg","","In Stock","65g","","Godis","Godis i påse"
"319","https://livsham2.softwarebyte.co/assets/images/product_image/15079.jpg","Colanappar Sura","Godis & snacks","Lager","<div class=""ql-editor"" data-gramm=""false"" contenteditable=""true""><p>Sura colanappar.</p></div><div class=""ql-clipboard"" contenteditable=""true"" tabindex=""-1""></div><div class=""ql-tooltip ql-hidden""><a class=""ql-preview"" target=""_blank"" href=""about:blank""></a><input type=""text"" data-formula=""e=mc^2"" data-link=""https://quilljs.com"" data-video=""Embed URL""><a class=""ql-action""></a><a class=""ql-remove""></a></div>","Nederländerna","Socker/sukker, glukossirap, VETEstärkelse/ HVETEstivelse, vatten/vand, modifierad majsstärkelse/maisstivelse/, syror/syrer: mjölksyra/mælkesyre, äppelsyra/eplesyre, citronsyra/sitronsyre, natriummalat; modifierad potatisstärkelse/potetstivelse/kartoffelstivelse, surhetsreglerande medel/surhetsregulerende middel natriumvätekarbonat/natriumhydrogenkarbonat; bränt socker/karamelsirup, aromämne/aroma.","<div class=""ql-editor"" data-gramm=""false"" contenteditable=""true""><p><span style=""color: rgb(38, 38, 58);"">Per 100 g:</span></p><p><span style=""color: rgb(38, 38, 58);"">Energi 1452 kJ/342 kcal</span></p><p><span style=""color: rgb(38, 38, 58);"">Fett 0.1 g</span></p><p><span style=""color: rgb(38, 38, 58);"">-varav mättat fett 0.1 g</span></p><p><span style=""color: rgb(38, 38, 58);"">Kolhydrat 85.1 g</span></p><p><span style=""color: rgb(38, 38, 58);"">-varav sockerarter 57.7 g</span></p><p><span style=""color: rgb(38, 38, 58);"">Fiber 0.1 g</span></p><p><span style=""color: rgb(38, 38, 58);"">Protein 0.1 g</span></p><p><span style=""color: rgb(38, 38, 58);"">Salt 0.43 g</span></p></div><div class=""ql-clipboard"" contenteditable=""true"" tabindex=""-1""></div><div class=""ql-tooltip ql-hidden""><a class=""ql-preview"" target=""_blank"" href=""about:blank""></a><input type=""text"" data-formula=""e=mc^2"" data-link=""https://quilljs.com"" data-video=""Embed URL""><a class=""ql-action""></a><a class=""ql-remove""></a></div>","Förvaras torrt och i rumstemperatur.","<div class=""ql-editor"" data-gramm=""false"" contenteditable=""true""><p><span style=""color: rgb(33, 37, 41);"">Livshem har ambitionen att alltid ge rätt produkt information. Förändringar i produktens innehåll kan ske över tid, kontrollera därför alltid före användning informationen på produktens förpackning.</span></p></div><div class=""ql-clipboard"" contenteditable=""true"" tabindex=""-1""></div><div class=""ql-tooltip ql-hidden""><a class=""ql-preview"" target=""_blank"" href=""about:blank""></a><input type=""text"" data-formula=""e=mc^2"" data-link=""https://quilljs.com"" data-video=""Embed URL""><a class=""ql-action""></a><a class=""ql-remove""></a></div>","","10,95","","136,88 kr/kg","","In Stock","80g","","Godis","Godis i påse"
"320","https://livsham2.softwarebyte.co/assets/images/product_image/81413.jpg","Ferrari Hallon","Godis & snacks","Lager","<div class=""ql-editor"" data-gramm=""false"" contenteditable=""true""><p><span style=""color: rgb(58, 58, 58);"">Små ferraribilar av vingummi med hallonsmak. Innehåller ingen palmolja. Innehåller endast naturliga färgämnen.</span></p></div><div class=""ql-clipboard"" contenteditable=""true"" tabindex=""-1""></div><div class=""ql-tooltip ql-hidden""><a class=""ql-preview"" target=""_blank"" href=""about:blank""></a><input type=""text"" data-formula=""e=mc^2"" data-link=""https://quilljs.com"" data-video=""Embed URL""><a class=""ql-action""></a><a class=""ql-remove""></a></div>","Denmark","Socker, glukossirap, modifierad majsstärkelse, gelatin, aromämne, surhetsreglerande medel (citronsyra), färgämne (karmin), vegetabilisk olja (kokos, raps), ytbehandlingsmedel (karnaubavax).","<div class=""ql-editor"" data-gramm=""false"" contenteditable=""true""><p><span style=""color: rgb(38, 38, 58);"">Per 100 g:</span></p><p><span style=""color: rgb(38, 38, 58);"">Energi 1528 kJ/366 kcal</span></p><p><span style=""color: rgb(38, 38, 58);"">Fett &lt;0.5 g</span></p><p><span style=""color: rgb(38, 38, 58);"">-varav mättat fett &lt;0.1 g</span></p><p><span style=""color: rgb(38, 38, 58);"">Kolhydrat 83 g</span></p><p><span style=""color: rgb(38, 38, 58);"">-varav sockerarter 72 g</span></p><p><span style=""color: rgb(38, 38, 58);"">Protein 5.4 g</span></p><p><span style=""color: rgb(38, 38, 58);"">Salt 0.03 g</span></p></div><div class=""ql-clipboard"" contenteditable=""true"" tabindex=""-1""></div><div class=""ql-tooltip ql-hidden""><a class=""ql-preview"" target=""_blank"" href=""about:blank""></a><input type=""text"" data-formula=""e=mc^2"" data-link=""https://quilljs.com"" data-video=""Embed URL""><a class=""ql-action""></a><a class=""ql-remove""></a></div>","Förvaras torrt och i rumstemperatur.","<div class=""ql-editor"" data-gramm=""false"" contenteditable=""true""><p><span style=""color: rgb(33, 37, 41);"">Livshem har ambitionen att alltid ge rätt produkt information. Förändringar i produktens innehåll kan ske över tid, kontrollera därför alltid före användning informationen på produktens förpackning.</span></p></div><div class=""ql-clipboard"" contenteditable=""true"" tabindex=""-1""></div><div class=""ql-tooltip ql-hidden""><a class=""ql-preview"" target=""_blank"" href=""about:blank""></a><input type=""text"" data-formula=""e=mc^2"" data-link=""https://quilljs.com"" data-video=""Embed URL""><a class=""ql-action""></a><a class=""ql-remove""></a></div>","","14,95","","115,00 kr/kg","","In Stock","130g","","Godis","Godis i påse"
"322","https://livsham2.softwarebyte.co/assets/images/product_image/50969.jpg","Ferrari Salt Hallon","Godis & snacks","Lager","<div class=""ql-editor"" data-gramm=""false"" contenteditable=""true""><p><span style=""color: rgb(58, 58, 58);"">Små ferraribilar av saltkanderat vingummi med hallonsmak. Utan palmolja. Innehåller endast naturliga färgämnen.</span></p></div><div class=""ql-clipboard"" contenteditable=""true"" tabindex=""-1""></div><div class=""ql-tooltip ql-hidden""><a class=""ql-preview"" target=""_blank"" href=""about:blank""></a><input type=""text"" data-formula=""e=mc^2"" data-link=""https://quilljs.com"" data-video=""Embed URL""><a class=""ql-action""></a><a class=""ql-remove""></a></div>","Denmark","Socker, glukossirap, modifierad majsstärkelse, gelatin, ammoniumklorid 1%, aromämne, surhetsreglerande medel (citronsyra), färgämne (karmin), full härdat vegetabiliskt fett (solros).","<div class=""ql-editor"" data-gramm=""false"" contenteditable=""true""><p><span style=""color: rgb(38, 38, 58);"">Per 100 g:</span></p><p><span style=""color: rgb(38, 38, 58);"">Energi 1506 kJ/360 kcal</span></p><p><span style=""color: rgb(38, 38, 58);"">Fett &lt;0.5 g</span></p><p><span style=""color: rgb(38, 38, 58);"">-varav mättat fett 0.1 g</span></p><p><span style=""color: rgb(38, 38, 58);"">Kolhydrat 83 g</span></p><p><span style=""color: rgb(38, 38, 58);"">-varav sockerarter 52 g</span></p><p><span style=""color: rgb(38, 38, 58);"">Protein 4.9 g</span></p><p><span style=""color: rgb(38, 38, 58);"">Salt 0.03 g</span></p></div><div class=""ql-clipboard"" contenteditable=""true"" tabindex=""-1""></div><div class=""ql-tooltip ql-hidden""><a class=""ql-preview"" target=""_blank"" href=""about:blank""></a><input type=""text"" data-formula=""e=mc^2"" data-link=""https://quilljs.com"" data-video=""Embed URL""><a class=""ql-action""></a><a class=""ql-remove""></a></div>","Förvaras torrt och i rumstemperatur.","<div class=""ql-editor"" data-gramm=""false"" contenteditable=""true""><p><span style=""color: rgb(33, 37, 41);"">Livshem har ambitionen att alltid ge rätt produkt information. Förändringar i produktens innehåll kan ske över tid, kontrollera därför alltid före användning informationen på produktens förpackning.</span></p></div><div class=""ql-clipboard"" contenteditable=""true"" tabindex=""-1""></div><div class=""ql-tooltip ql-hidden""><a class=""ql-preview"" target=""_blank"" href=""about:blank""></a><input type=""text"" data-formula=""e=mc^2"" data-link=""https://quilljs.com"" data-video=""Embed URL""><a class=""ql-action""></a><a class=""ql-remove""></a></div>","","14,95","","124,58 kr/kg","","In Stock","120g","","Godis","Godis i påse"
"323","https://livsham2.softwarebyte.co/assets/images/product_image/57741.jpg","Ahlgrens Gröna Bilar","Godis & snacks","Lager","<div class=""ql-editor"" data-gramm=""false"" contenteditable=""true""><p><span style=""color: rgb(38, 38, 58);"">Ahlgrens bilar växlar upp mot en godare framtid! Sveriges mest köpta bil kommer nu i de gröna fräscha fruktsmakerna päron, äpple och citron. Ahlgrens bilar Gröna bilar är förpackade i en hållbar PlantPack-påse tillverkad av upp till 50 % växtbaserad plast och med information om produktens beräknade CO2-avtryck. Påsen innehåller 130 gram. Sveriges godaste bil!</span></p></div><div class=""ql-clipboard"" contenteditable=""true"" tabindex=""-1""></div><div class=""ql-tooltip ql-hidden""><a class=""ql-preview"" target=""_blank"" href=""about:blank""></a><input type=""text"" data-formula=""e=mc^2"" data-link=""https://quilljs.com"" data-video=""Embed URL""><a class=""ql-action""></a><a class=""ql-remove""></a></div>","Sverige","Glukossirap, socker, stärkelse, gelatin, invertsockersirap, syra (E270), naturliga aromer, vegetabiliska oljor (kokos, raps), ytbehandlingsmedel (karnaubavax), färgämne (klorofyllinkopparkomplex).","<div class=""ql-editor"" data-gramm=""false"" contenteditable=""true""><p><span style=""color: rgb(38, 38, 58);"">Per 100 g:</span></p><p><span style=""color: rgb(38, 38, 58);"">Energi 1499 kJ/353 kcal</span></p><p><span style=""color: rgb(38, 38, 58);"">Fett 0.2 g</span></p><p><span style=""color: rgb(38, 38, 58);"">- Varav mättat fett 0.2 g</span></p><p><span style=""color: rgb(38, 38, 58);"">Kolhydrat 83 g</span></p><p><span style=""color: rgb(38, 38, 58);"">- Varav sockerarter 57 g</span></p><p><span style=""color: rgb(38, 38, 58);"">Protein 4.4 g</span></p><p><span style=""color: rgb(38, 38, 58);"">Salt 0.02 g</span></p></div><div class=""ql-clipboard"" contenteditable=""true"" tabindex=""-1""></div><div class=""ql-tooltip ql-hidden""><a class=""ql-preview"" target=""_blank"" href=""about:blank""></a><input type=""text"" data-formula=""e=mc^2"" data-link=""https://quilljs.com"" data-video=""Embed URL""><a class=""ql-action""></a><a class=""ql-remove""></a></div>","Förvaras torrt och i rumstemperatur.","<div class=""ql-editor"" data-gramm=""false"" contenteditable=""true""><p><span style=""color: rgb(33, 37, 41);"">Livshem har ambitionen att alltid ge rätt produkt information. Förändringar i produktens innehåll kan ske över tid, kontrollera därför alltid före användning informationen på produktens förpackning.</span></p></div><div class=""ql-clipboard"" contenteditable=""true"" tabindex=""-1""></div><div class=""ql-tooltip ql-hidden""><a class=""ql-preview"" target=""_blank"" href=""about:blank""></a><input type=""text"" data-formula=""e=mc^2"" data-link=""https://quilljs.com"" data-video=""Embed URL""><a class=""ql-action""></a><a class=""ql-remove""></a></div>","","17,95","","138,08 kr/kg","","In Stock","130g","","Godis","Godis i påse"
"324","https://livsham2.softwarebyte.co/assets/images/product_image/10944.jpg","Lakritsmix Rättågott","Godis & snacks","Lager","<div class=""ql-editor"" data-gramm=""false"" contenteditable=""true""><p><span style=""color: rgb(38, 38, 58);"">Stötta Fairtrade genom att avnjuta denna goda lakritsmix!</span></p></div><div class=""ql-clipboard"" contenteditable=""true"" tabindex=""-1""></div><div class=""ql-tooltip ql-hidden""><a class=""ql-preview"" target=""_blank"" href=""about:blank""></a><input type=""text"" data-formula=""e=mc^2"" data-link=""https://quilljs.com"" data-video=""Embed URL""><a class=""ql-action""></a><a class=""ql-remove""></a></div>","EU","Socker, glukossirap, gelatin, lakritsextrakt, aromer (salmiak, naturlig (anis, vanilj)), salt, surhetsreglerande medel E330, vegetabilisk olja (kokosolja, rapsolja), ytbehandlingsmedel E901, färgande växtextrakt (spirulina, morot, safflor, sötpotatis, äpple, rädisa, körsbär).","<div class=""ql-editor"" data-gramm=""false"" contenteditable=""true""><p><span style=""color: rgb(38, 38, 58);"">Per 100 g:</span></p><p><span style=""color: rgb(38, 38, 58);"">Energi 1412 kJ/338 kcal</span></p><p><span style=""color: rgb(38, 38, 58);"">Fett &lt;0.5 g</span></p><p><span style=""color: rgb(38, 38, 58);"">-varav mättat fett &lt;0.5 g</span></p><p><span style=""color: rgb(38, 38, 58);"">Kolhydrat 75 g</span></p><p><span style=""color: rgb(38, 38, 58);"">-varav sockerarter 60 g</span></p><p><span style=""color: rgb(38, 38, 58);"">Protein 9.8 g</span></p><p><span style=""color: rgb(38, 38, 58);"">Salt 0.68 g</span></p></div><div class=""ql-clipboard"" contenteditable=""true"" tabindex=""-1""></div><div class=""ql-tooltip ql-hidden""><a class=""ql-preview"" target=""_blank"" href=""about:blank""></a><input type=""text"" data-formula=""e=mc^2"" data-link=""https://quilljs.com"" data-video=""Embed URL""><a class=""ql-action""></a><a class=""ql-remove""></a></div>","Förvaras torrt och i rumstemperatur.","<div class=""ql-editor"" data-gramm=""false"" contenteditable=""true""><p><span style=""color: rgb(33, 37, 41);"">Livshem har ambitionen att alltid ge rätt produkt information. Förändringar i produktens innehåll kan ske över tid, kontrollera därför alltid före användning informationen på produktens förpackning.</span></p></div><div class=""ql-clipboard"" contenteditable=""true"" tabindex=""-1""></div><div class=""ql-tooltip ql-hidden""><a class=""ql-preview"" target=""_blank"" href=""about:blank""></a><input type=""text"" data-formula=""e=mc^2"" data-link=""https://quilljs.com"" data-video=""Embed URL""><a class=""ql-action""></a><a class=""ql-remove""></a></div>","","19,95","","142,50 kr/kg","","In Stock","140g","","Godis","Godis i påse"
"325","https://livsham2.softwarebyte.co/assets/images/product_image/25291.jpg","Kexchoklad Cloetta","Godis & snacks","Lager","<div class=""ql-editor"" data-gramm=""false"" contenteditable=""true""><p><span style=""color: rgb(58, 58, 58);"">Kexchoklad är Cloettas aktiva svenska klassiker som har en speciell plats i många svenskars hjärtan. Kexchoklad är frasiga rån fyllda med choklad under ett täcke av läcker, ljus mjölkchoklad. Sveriges godaste mellanmål! Innehåller 60 g Kexchoklad.</span></p></div><div class=""ql-clipboard"" contenteditable=""true"" tabindex=""-1""></div><div class=""ql-tooltip ql-hidden""><a class=""ql-preview"" target=""_blank"" href=""about:blank""></a><input type=""text"" data-formula=""e=mc^2"" data-link=""https://quilljs.com"" data-video=""Embed URL""><a class=""ql-action""></a><a class=""ql-remove""></a></div>","Sverige","Socker, VETEMJÖL, SKUMMJÖLKSPULVER, vegetabiliska fetter (palm, shea), VASSLEPULVER (MJÖLK), kakaosmör1, HELMJÖLKSPULVER, kakaomassa1, fettreducerat kakaopulver1, kokosolja, emulgeringsmedel (SOJALECITIN), salt, bakpulver (natriumvätekarbonat), aromer (bl.a. vanillin). Mjölkchokladen innehåller förutom kakaosmör även annat vegetabiliskt fett och minst 25 % kakao. 1Rainforest Alliance Certified. Find out more at ra.org.","<div class=""ql-editor"" data-gramm=""false"" contenteditable=""true""><p><span style=""color: rgb(38, 38, 58);"">Per 100 g:</span></p><p><span style=""color: rgb(38, 38, 58);"">Energi 2106 kJ/502 kcal</span></p><p><span style=""color: rgb(38, 38, 58);"">Fett 24 g</span></p><p><span style=""color: rgb(38, 38, 58);"">-varav mättat fett 14 g</span></p><p><span style=""color: rgb(38, 38, 58);"">Kolhydrat 61 g</span></p><p><span style=""color: rgb(38, 38, 58);"">-varav sockerarter 42 g</span></p><p><span style=""color: rgb(38, 38, 58);"">Protein 9.7 g</span></p><p><span style=""color: rgb(38, 38, 58);"">Salt 0.41 g</span></p></div><div class=""ql-clipboard"" contenteditable=""true"" tabindex=""-1""></div><div class=""ql-tooltip ql-hidden""><a class=""ql-preview"" target=""_blank"" href=""about:blank""></a><input type=""text"" data-formula=""e=mc^2"" data-link=""https://quilljs.com"" data-video=""Embed URL""><a class=""ql-action""></a><a class=""ql-remove""></a></div>","Förvaras torrt och i rumstemperatur.","<div class=""ql-editor"" data-gramm=""false"" contenteditable=""true""><p><span style=""color: rgb(33, 37, 41);"">Livshem har ambitionen att alltid ge rätt produkt information. Förändringar i produktens innehåll kan ske över tid, kontrollera därför alltid före användning informationen på produktens förpackning.</span></p></div><div class=""ql-clipboard"" contenteditable=""true"" tabindex=""-1""></div><div class=""ql-tooltip ql-hidden""><a class=""ql-preview"" target=""_blank"" href=""about:blank""></a><input type=""text"" data-formula=""e=mc^2"" data-link=""https://quilljs.com"" data-video=""Embed URL""><a class=""ql-action""></a><a class=""ql-remove""></a></div>","","8,95","","149,17 kr/kg","","In Stock","60g","","Choklad","Choklad bar"
"326","https://livsham2.softwarebyte.co/assets/images/product_image/38962.jpg","Snickers","Godis & snacks","Lager","<div class=""ql-editor"" data-gramm=""false"" contenteditable=""true""><p><span style=""color: rgb(58, 58, 58);"">Snickers är en chokladbar fylld med mjuk nougat, karamell och jordnötter med ett överdrag av mjölkchoklad.</span></p></div><div class=""ql-clipboard"" contenteditable=""true"" tabindex=""-1""></div><div class=""ql-tooltip ql-hidden""><a class=""ql-preview"" target=""_blank"" href=""about:blank""></a><input type=""text"" data-formula=""e=mc^2"" data-link=""https://quilljs.com"" data-video=""Embed URL""><a class=""ql-action""></a><a class=""ql-remove""></a></div>","Poland","Socker/sukker, glukossirap/glukosesirup, JORDNÖTTER/JORDNØDDER/PEANØTTER, SKUMMJÖLKSPULVER/SKUMMETMÆLKSPULVER/MELKEPULVER av SKUMMET MELK, kakaosmör/kakaosmør, kakaomassa/masse, solrosolja/solsikkeolie, LAKTOS, MJÖLK-/MÆLKE-/MELKEFETT, vassle-/valle-/myse-pulver (av MJÖLK/MÆLK/MELK), palmfett, salt, emulgeringsmedel / emulgator (SOJA-/SOYALECITIN), ÄGGVITE-/ÆGGEHVIDE-/EGGEHVITEPULVER, MJÖLK-/MÆLKE-/MELKEPROTEIN, naturlig vaniljekstrakt. (Kan innehålla: HASSEL-NÖT/-NØD/-NØTT). Mindst 25% kakaotørstof.","<div class=""ql-editor"" data-gramm=""false"" contenteditable=""true""><p><span style=""color: rgb(38, 38, 58);"">Per 100 g:</span></p><p><span style=""color: rgb(38, 38, 58);""><span class=""ql-cursor"">﻿</span></span><span style=""color: rgb(58, 58, 58);"">Energi (kcal) 241 kcal</span></p><p><span style=""color: rgb(58, 58, 58);"">Energi (kJ) 1009 kJ</span></p><p><span style=""color: rgb(58, 58, 58);"">Fett 11 g</span></p><p><span style=""color: rgb(58, 58, 58);"">-varav mättat fett 4 g</span></p><p><span style=""color: rgb(58, 58, 58);"">Kolhydrat 30 g</span></p><p><span style=""color: rgb(58, 58, 58);"">-varav socker 26 g</span></p><p><span style=""color: rgb(58, 58, 58);"">Protein 4.3 g</span></p><p><span style=""color: rgb(58, 58, 58);"">﻿Salt 0.31 g</span></p></div><div class=""ql-clipboard"" contenteditable=""true"" tabindex=""-1""></div><div class=""ql-tooltip ql-hidden""><a class=""ql-preview"" target=""_blank"" href=""about:blank""></a><input type=""text"" data-formula=""e=mc^2"" data-link=""https://quilljs.com"" data-video=""Embed URL""><a class=""ql-action""></a><a class=""ql-remove""></a></div>","Förvaras torrt och i rumstemperatur.","<div class=""ql-editor"" data-gramm=""false"" contenteditable=""true""><p><span style=""color: rgb(33, 37, 41);"">Livshem har ambitionen att alltid ge rätt produkt information. Förändringar i produktens innehåll kan ske över tid, kontrollera därför alltid före användning informationen på produktens förpackning.</span></p></div><div class=""ql-clipboard"" contenteditable=""true"" tabindex=""-1""></div><div class=""ql-tooltip ql-hidden""><a class=""ql-preview"" target=""_blank"" href=""about:blank""></a><input type=""text"" data-formula=""e=mc^2"" data-link=""https://quilljs.com"" data-video=""Embed URL""><a class=""ql-action""></a><a class=""ql-remove""></a></div>","","7,95","","159,00 kr/kg","","In Stock","50g","","Choklad","Choklad bar"
"327","https://livsham2.softwarebyte.co/assets/images/product_image/69597.jpg","Bounty","Godis & snacks","Lager","<div class=""ql-editor"" data-gramm=""false"" contenteditable=""true""><p><span style=""color: rgb(38, 38, 58);"">Chokladbar med smak av söt kokos och mjölkchokladöverdrag.</span></p></div><div class=""ql-clipboard"" contenteditable=""true"" tabindex=""-1""></div><div class=""ql-tooltip ql-hidden""><a class=""ql-preview"" target=""_blank"" href=""about:blank""></a><input type=""text"" data-formula=""e=mc^2"" data-link=""https://quilljs.com"" data-video=""Embed URL""><a class=""ql-action""></a><a class=""ql-remove""></a></div>","Sverige","Socker/sukker, tørret / torkat kokos (21%), glukossirap/glukosesirup, kakaosmör/kakaosmør, kakaomassa/masse, SKUMMJÖLKSPULVER/SKUMMETMÆLKSPULVER/MELKEPULVER av SKUMMET MELK, emulgatorer / emulgeringsmedel (SOJA-/SOYALECITIN, E471), LAKTOS, MJÖLK-/MÆLKE-/MELKEFETT, vassle-/valle-/myse-pulver (av MJÖLK/MÆLK/MELK), fuktighetsbevarande medel / fugtighedsbevarende middel (glycerol), salt, naturlig vaniljekstrakt. Mindst 25% kakaotørstof.","<div class=""ql-editor"" data-gramm=""false"" contenteditable=""true""><p><span style=""color: rgb(38, 38, 58);"">Per 100 g:</span></p><p><span style=""color: rgb(38, 38, 58);"">Energi 2037 kJ/487 kcal</span></p><p><span style=""color: rgb(38, 38, 58);"">Fett 26 g</span></p><p><span style=""color: rgb(38, 38, 58);"">-varav mättat fett 21 g</span></p><p><span style=""color: rgb(38, 38, 58);"">Kolhydrat 59 g</span></p><p><span style=""color: rgb(38, 38, 58);"">-varav sockerarter 48 g</span></p><p><span style=""color: rgb(38, 38, 58);"">Protein 3.7 g</span></p><p><span style=""color: rgb(38, 38, 58);"">Salt 0.25 g</span></p></div><div class=""ql-clipboard"" contenteditable=""true"" tabindex=""-1""></div><div class=""ql-tooltip ql-hidden""><a class=""ql-preview"" target=""_blank"" href=""about:blank""></a><input type=""text"" data-formula=""e=mc^2"" data-link=""https://quilljs.com"" data-video=""Embed URL""><a class=""ql-action""></a><a class=""ql-remove""></a></div>","Förvaras torrt och i rumstemperatur.","<div class=""ql-editor"" data-gramm=""false"" contenteditable=""true""><p><span style=""color: rgb(33, 37, 41);"">Livshem har ambitionen att alltid ge rätt produkt information. Förändringar i produktens innehåll kan ske över tid, kontrollera därför alltid före användning informationen på produktens förpackning.</span></p></div><div class=""ql-clipboard"" contenteditable=""true"" tabindex=""-1""></div><div class=""ql-tooltip ql-hidden""><a class=""ql-preview"" target=""_blank"" href=""about:blank""></a><input type=""text"" data-formula=""e=mc^2"" data-link=""https://quilljs.com"" data-video=""Embed URL""><a class=""ql-action""></a><a class=""ql-remove""></a></div>","","7,95","","139,47 kr/kg","","In Stock","57g","","Choklad","Choklad bar"
"328","https://livsham2.softwarebyte.co/assets/images/product_image/52164.jpg","Twix","Godis & snacks","Lager","<div class=""ql-editor"" data-gramm=""false"" contenteditable=""true""><p><span style=""color: rgb(38, 38, 58);"">Choklad med kex och kola.</span></p></div><div class=""ql-clipboard"" contenteditable=""true"" tabindex=""-1""></div><div class=""ql-tooltip ql-hidden""><a class=""ql-preview"" target=""_blank"" href=""about:blank""></a><input type=""text"" data-formula=""e=mc^2"" data-link=""https://quilljs.com"" data-video=""Embed URL""><a class=""ql-action""></a><a class=""ql-remove""></a></div>","Sverige","Socker/sukker, glukossirap/glukosesirup, VETEMJÖL/HVEDEMEL/HVETEMEL (17%), palmfett, kakaosmör/kakaosmør, kondenserad SKUMMJÖLK/SKUMMETMÆLK/SKUMMET MELK, kakaomassa/masse, SKUMMJÖLKSPULVER/SKUMMETMÆLKSPULVER/MELKEPULVER av SKUMMET MELK, LAKTOS, MJÖLK-/MÆLKE-/MELKEFETT, vassle-/valle-/myse-pulver (av MJÖLK/MÆLK/MELK), fettreducerat / fedtfattigt kakaopulver, salt, emulgeringsmedel / emulgator (SOJA-/SOYALECITIN), jäsningsmedel / hævemiddel (E500), naturlig vaniljekstrakt. (Kan innehålla: HASSEL-NÖT/-NØD/-NØTT, MANDEL, GLUTEN (KORN/BYG, HAVRE)). Mindst 25% kakaotørstof.","<div class=""ql-editor"" data-gramm=""false"" contenteditable=""true""><p><span style=""color: rgb(38, 38, 58);"">Per 100 g:</span></p><p><span style=""color: rgb(38, 38, 58);"">Energi 2065 kJ/493 kcal</span></p><p><span style=""color: rgb(38, 38, 58);"">Fett 24 g</span></p><p><span style=""color: rgb(38, 38, 58);"">-varav mättat fett 14 g</span></p><p><span style=""color: rgb(38, 38, 58);"">Kolhydrat 65 g</span></p><p><span style=""color: rgb(38, 38, 58);"">-varav sockerarter 49 g</span></p><p><span style=""color: rgb(38, 38, 58);"">Protein 4.4 g</span></p><p><span style=""color: rgb(38, 38, 58);"">Salt 0.4 g</span></p></div><div class=""ql-clipboard"" contenteditable=""true"" tabindex=""-1""></div><div class=""ql-tooltip ql-hidden""><a class=""ql-preview"" target=""_blank"" href=""about:blank""></a><input type=""text"" data-formula=""e=mc^2"" data-link=""https://quilljs.com"" data-video=""Embed URL""><a class=""ql-action""></a><a class=""ql-remove""></a></div>","Förvaras torrt och i rumstemperatur.","<div class=""ql-editor"" data-gramm=""false"" contenteditable=""true""><p><span style=""color: rgb(33, 37, 41);"">Livshem har ambitionen att alltid ge rätt produkt information. Förändringar i produktens innehåll kan ske över tid, kontrollera därför alltid före användning informationen på produktens förpackning.</span></p></div><div class=""ql-clipboard"" contenteditable=""true"" tabindex=""-1""></div><div class=""ql-tooltip ql-hidden""><a class=""ql-preview"" target=""_blank"" href=""about:blank""></a><input type=""text"" data-formula=""e=mc^2"" data-link=""https://quilljs.com"" data-video=""Embed URL""><a class=""ql-action""></a><a class=""ql-remove""></a></div>","","7,95","","159,00 kr/kg","","In Stock","50g","","Choklad","Choklad bar"
"329","https://livsham2.softwarebyte.co/assets/images/product_image/44639.jpg","Japp Marabou","Godis & snacks","Lager","<div class=""ql-editor"" data-gramm=""false"" contenteditable=""true""><p><span style=""color: rgb(58, 58, 58);"">Japp- Vår goda mjölkchoklad med mjuk kola och härligt, seg chokladmaräng har bjudit svenskarna på energikickar sedan 1947. Älskar du den lika mycket som vi? Säg japp!</span></p></div><div class=""ql-clipboard"" contenteditable=""true"" tabindex=""-1""></div><div class=""ql-tooltip ql-hidden""><a class=""ql-preview"" target=""_blank"" href=""about:blank""></a><input type=""text"" data-formula=""e=mc^2"" data-link=""https://quilljs.com"" data-video=""Embed URL""><a class=""ql-action""></a><a class=""ql-remove""></a></div>","Sverige","Socker, glukossirap, sockrad kondenserad SKUMMJÖLK/SKUMMETMÆLK, shea-olja, kakaosmör, kakaomassa, SKUMMJÖLKS-/SKUMMETMÆLKSPULVER, stabiliseringsmedel/stabilisator (sorbitol), vassle-/vallepulver (MJÖLK/mælk), invertsocker, fettreducerad/fedtfattig kakao, SMÖRFETT/SMØROLIE, maltextrakt från KORN/ fra BYG, ÄGGVITA/ÆGGEHVIDE , emulgeringsmedel/emulgatorer(SOJALECITINER, E476), aromer. KAN INNEHÅLLA JORDNÖTTER/JORDNØDDER, NÖTTER/NØDDER OCH VETE/HVEDE.","<div class=""ql-editor"" data-gramm=""false"" contenteditable=""true""><p><span style=""color: rgb(38, 38, 58);"">Per 100 g:</span></p><p><span style=""color: rgb(38, 38, 58);"">Energi 1855 kJ/441 kcal</span></p><p><span style=""color: rgb(38, 38, 58);"">Fett 15 g</span></p><p><span style=""color: rgb(38, 38, 58);"">-varav mättat fett 7.3 g</span></p><p><span style=""color: rgb(38, 38, 58);"">Kolhydrat 73 g</span></p><p><span style=""color: rgb(38, 38, 58);"">-varav sockerarter 53 g</span></p><p><span style=""color: rgb(38, 38, 58);"">Fiber 1.1 g</span></p><p><span style=""color: rgb(38, 38, 58);"">Protein 3.3 g</span></p><p><span style=""color: rgb(38, 38, 58);"">Salt 0.16 g</span></p></div><div class=""ql-clipboard"" contenteditable=""true"" tabindex=""-1""></div><div class=""ql-tooltip ql-hidden""><a class=""ql-preview"" target=""_blank"" href=""about:blank""></a><input type=""text"" data-formula=""e=mc^2"" data-link=""https://quilljs.com"" data-video=""Embed URL""><a class=""ql-action""></a><a class=""ql-remove""></a></div>","Förvaras torrt och i rumstemperatur.","<div class=""ql-editor"" data-gramm=""false"" contenteditable=""true""><p><span style=""color: rgb(33, 37, 41);"">Livshem har ambitionen att alltid ge rätt produkt information. Förändringar i produktens innehåll kan ske över tid, kontrollera därför alltid före användning informationen på produktens förpackning.</span></p></div><div class=""ql-clipboard"" contenteditable=""true"" tabindex=""-1""></div><div class=""ql-tooltip ql-hidden""><a class=""ql-preview"" target=""_blank"" href=""about:blank""></a><input type=""text"" data-formula=""e=mc^2"" data-link=""https://quilljs.com"" data-video=""Embed URL""><a class=""ql-action""></a><a class=""ql-remove""></a></div>","","8,95","","149,17 kr/kg","","In Stock","60g","","Choklad","Choklad bar"
"330","https://livsham2.softwarebyte.co/assets/images/product_image/18894.jpg","Schweizernöt Marabou","Godis & snacks","Lager","<div class=""ql-editor"" data-gramm=""false"" contenteditable=""true""><p><span style=""color: rgb(58, 58, 58);"">Marabou Schweizernöt- Schweizernöt är en av våra klassiker! Här har vår goda mjölkchoklad blandats med noga utvalda, grovhackade hasselnötter.</span></p></div><div class=""ql-clipboard"" contenteditable=""true"" tabindex=""-1""></div><div class=""ql-tooltip ql-hidden""><a class=""ql-preview"" target=""_blank"" href=""about:blank""></a><input type=""text"" data-formula=""e=mc^2"" data-link=""https://quilljs.com"" data-video=""Embed URL""><a class=""ql-action""></a><a class=""ql-remove""></a></div>","Sverige","Socker, kakaosmör, HASSELNÖTTER (14%), kakaomassa, SKUMMJÖLKSPULVER, VASSLEPULVER (MJÖLK), SMÖRFETT, VASSLEPRODUKT (MJÖLK), emulgeringsmedel (SOJALECITINER), arom. Kan innehålla andra NÖTTER och VETE.","<div class=""ql-editor"" data-gramm=""false"" contenteditable=""true""><p>Per 100 g:</p><p>Energi 2351 kJ/564 kcal</p><p>Fett 36 g</p><p>-varav mättat fett 17 g</p><p>Kolhydrat 51 g</p><p>-varav sockerarter 50 g</p><p>Fiber 3 g</p><p>Protein 6 g</p><p>Salt 0.22 g</p></div><div class=""ql-clipboard"" contenteditable=""true"" tabindex=""-1""></div><div class=""ql-tooltip ql-hidden""><a class=""ql-preview"" target=""_blank"" href=""about:blank""></a><input type=""text"" data-formula=""e=mc^2"" data-link=""https://quilljs.com"" data-video=""Embed URL""><a class=""ql-action""></a><a class=""ql-remove""></a></div>","Förvaras torrt och i rumstemperatur.","<div class=""ql-editor"" data-gramm=""false"" contenteditable=""true""><p><span style=""color: rgb(33, 37, 41);"">Livshem har ambitionen att alltid ge rätt produkt information. Förändringar i produktens innehåll kan ske över tid, kontrollera därför alltid före användning informationen på produktens förpackning.</span></p></div><div class=""ql-clipboard"" contenteditable=""true"" tabindex=""-1""></div><div class=""ql-tooltip ql-hidden""><a class=""ql-preview"" target=""_blank"" href=""about:blank""></a><input type=""text"" data-formula=""e=mc^2"" data-link=""https://quilljs.com"" data-video=""Embed URL""><a class=""ql-action""></a><a class=""ql-remove""></a></div>","","23,95","","119,75 kr/kg","","In Stock","200g","","Choklad","Choklad bar"
"331","https://livsham2.softwarebyte.co/assets/images/product_image/45476.jpg","Mjölkchoklad Marabou","Godis & snacks","Lager","<div class=""ql-editor"" data-gramm=""false"" contenteditable=""true""><p><span style=""color: rgb(58, 58, 58);"">Marabou Mjölkchoklad, en riktig klassiker! En chokladkaka med vår älskade Marabou Mjölkchoklad i 200g som passar för alla tillfällen. Genom Cocoa Life, vårt program för en hållbar kakaoproduktion, bidrar Marabou till att kakao odlas på rätt sätt, för att skydda planeten och respektera mänskliga rättigheter i vår värdekedja. Läs mer om Cocoa Life här www.cocoalife.org.</span></p></div><div class=""ql-clipboard"" contenteditable=""true"" tabindex=""-1""></div><div class=""ql-tooltip ql-hidden""><a class=""ql-preview"" target=""_blank"" href=""about:blank""></a><input type=""text"" data-formula=""e=mc^2"" data-link=""https://quilljs.com"" data-video=""Embed URL""><a class=""ql-action""></a><a class=""ql-remove""></a></div>","Sverige","Socker, kakaosmör, kakaomassa, vasslepulver (MJÖLK), SKUMMJÖLKSPULVER, SMÖRFETT, vassleprodukt (MJÖLK), emulgeringsmedel (SOJALECITIN), arom. Minst 30% kakao. KAN INNEHÅLLA NÖTTER OCH VETE","<div class=""ql-editor"" data-gramm=""false"" contenteditable=""true""><p><span style=""color: rgb(38, 38, 58);"">Per 100 g:</span></p><p><span style=""color: rgb(38, 38, 58);"">Energi 2273 kJ/544 kcal</span></p><p><span style=""color: rgb(38, 38, 58);"">Fett 32 g</span></p><p><span style=""color: rgb(38, 38, 58);"">-varav mättat fett 19 g</span></p><p><span style=""color: rgb(38, 38, 58);"">Kolhydrat 59 g</span></p><p><span style=""color: rgb(38, 38, 58);"">-varav sockerarter 58 g</span></p><p><span style=""color: rgb(38, 38, 58);"">Fiber 1.9 g</span></p><p><span style=""color: rgb(38, 38, 58);"">Protein 4.4 g</span></p><p><span style=""color: rgb(38, 38, 58);"">Salt 0.26 g</span></p></div><div class=""ql-clipboard"" contenteditable=""true"" tabindex=""-1""></div><div class=""ql-tooltip ql-hidden""><a class=""ql-preview"" target=""_blank"" href=""about:blank""></a><input type=""text"" data-formula=""e=mc^2"" data-link=""https://quilljs.com"" data-video=""Embed URL""><a class=""ql-action""></a><a class=""ql-remove""></a></div>","Förvaras torrt och i rumstemperatur.","<div class=""ql-editor"" data-gramm=""false"" contenteditable=""true""><p><span style=""color: rgb(33, 37, 41);"">Livshem har ambitionen att alltid ge rätt produkt information. Förändringar i produktens innehåll kan ske över tid, kontrollera därför alltid före användning informationen på produktens förpackning.</span></p></div><div class=""ql-clipboard"" contenteditable=""true"" tabindex=""-1""></div><div class=""ql-tooltip ql-hidden""><a class=""ql-preview"" target=""_blank"" href=""about:blank""></a><input type=""text"" data-formula=""e=mc^2"" data-link=""https://quilljs.com"" data-video=""Embed URL""><a class=""ql-action""></a><a class=""ql-remove""></a></div>","","23,95","","119,75 kr/kg","","In Stock","200g","","Choklad","Choklad bar"
"332","https://livsham2.softwarebyte.co/assets/images/product_image/6914.jpg","Toblerone Marabou","Godis & snacks","Lager","<div class=""ql-editor"" data-gramm=""false"" contenteditable=""true""><p><span style=""color: rgb(58, 58, 58);"">Toblerone Milk- Är en Schweizisk mjölkchoklad med honung och mandel Nougat</span></p></div><div class=""ql-clipboard"" contenteditable=""true"" tabindex=""-1""></div><div class=""ql-tooltip ql-hidden""><a class=""ql-preview"" target=""_blank"" href=""about:blank""></a><input type=""text"" data-formula=""e=mc^2"" data-link=""https://quilljs.com"" data-video=""Embed URL""><a class=""ql-action""></a><a class=""ql-remove""></a></div>","Sverige","Socker, MJÖLK-/ MÆLKEPULVER/TØRRMELK, kakaosmör, kakaomassa, honung/honning (3 %), SMÖRFETT/ SMØROLIE/ MELKEFETT, MANDEL (1,6%), emulgeringsmedel/emulgator (SOJALECITIN), ÄGGVITA/ ÆGGEHVIDE, arom. Minst 28% kakao/kakaotørstof.","<div class=""ql-editor"" data-gramm=""false"" contenteditable=""true""><p><span style=""color: rgb(38, 38, 58);"">Per 100 g:</span></p><p><span style=""color: rgb(38, 38, 58);""><span class=""ql-cursor"">﻿</span></span><span style=""color: rgb(58, 58, 58);"">Energi (kcal) 535 kcal</span></p><p><span style=""color: rgb(58, 58, 58);"">Energi (kJ) 2235 kJ</span></p><p><span style=""color: rgb(58, 58, 58);"">Fett 29.5 g</span></p><p><span style=""color: rgb(58, 58, 58);"">-varav mättat fett 18 g</span></p><p><span style=""color: rgb(58, 58, 58);"">Kolhydrat 60.5 g</span></p><p><span style=""color: rgb(58, 58, 58);"">-varav socker 59.5 g</span></p><p><span style=""color: rgb(58, 58, 58);"">Fiber 2.2 g</span></p><p><span style=""color: rgb(58, 58, 58);"">Protein 5.6 g</span></p><p><span style=""color: rgb(58, 58, 58);"">﻿Salt 0.15 g</span></p></div><div class=""ql-clipboard"" contenteditable=""true"" tabindex=""-1""></div><div class=""ql-tooltip ql-hidden""><a class=""ql-preview"" target=""_blank"" href=""about:blank""></a><input type=""text"" data-formula=""e=mc^2"" data-link=""https://quilljs.com"" data-video=""Embed URL""><a class=""ql-action""></a><a class=""ql-remove""></a></div>","Förvaras torrt och i rumstemperatur.","<div class=""ql-editor"" data-gramm=""false"" contenteditable=""true""><p><span style=""color: rgb(33, 37, 41);"">Livshem har ambitionen att alltid ge rätt produkt information. Förändringar i produktens innehåll kan ske över tid, kontrollera därför alltid före användning informationen på produktens förpackning.</span></p></div><div class=""ql-clipboard"" contenteditable=""true"" tabindex=""-1""></div><div class=""ql-tooltip ql-hidden""><a class=""ql-preview"" target=""_blank"" href=""about:blank""></a><input type=""text"" data-formula=""e=mc^2"" data-link=""https://quilljs.com"" data-video=""Embed URL""><a class=""ql-action""></a><a class=""ql-remove""></a></div>","","8,50","","170,00 kr/kg","","In Stock","50g","","Choklad","Choklad bar"
"333","https://livsham2.softwarebyte.co/assets/images/product_image/14248.jpg","Kinder maxi","Godis & snacks","Lager","<div class=""ql-editor"" data-gramm=""false"" contenteditable=""true""><p><span style=""color: rgb(58, 58, 58);"">Kinder Maxi består av mjölkchoklad och fyllning av mjölkkräm.</span></p></div><div class=""ql-clipboard"" contenteditable=""true"" tabindex=""-1""></div><div class=""ql-tooltip ql-hidden""><a class=""ql-preview"" target=""_blank"" href=""about:blank""></a><input type=""text"" data-formula=""e=mc^2"" data-link=""https://quilljs.com"" data-video=""Embed URL""><a class=""ql-action""></a><a class=""ql-remove""></a></div>","Sverige","MÆLKECHOKOLADE (MJÖLKCHOKLAD) 40% (sukker, HELMELK (SØDMÆLKS) pulver, kakaosmør, kakaomasse, emulgator: lecitiner (SOJA); vanillin), sukker, SKUMMETMELK (SKUMMJÖLKS) pulver (18%), palmolie / palmolja, konsentrert SMØR (SMÖRKONCENTRAT), emulgator: lecitiner (SOJA), vanillin. Mælkeandel / Mjölkbeståndsdelar / Melkekomponenter totalt: 33% - Kakaoandel / Kakaohalt / Kakaokomponenter totalt: 13%","<div class=""ql-editor"" data-gramm=""false"" contenteditable=""true""><p><span style=""color: rgb(38, 38, 58);"">Per 100 g:</span></p><p><span style=""color: rgb(38, 38, 58);"">Energi 2360 kJ/566 kcal</span></p><p><span style=""color: rgb(38, 38, 58);"">Fett 35 g</span></p><p><span style=""color: rgb(38, 38, 58);"">-varav mättat fett 22.6 g</span></p><p><span style=""color: rgb(38, 38, 58);"">Kolhydrat 53.5 g</span></p><p><span style=""color: rgb(38, 38, 58);"">-varav sockerarter 53.3 g</span></p><p><span style=""color: rgb(38, 38, 58);"">Protein 8.7 g</span></p><p><span style=""color: rgb(38, 38, 58);"">Salt 0.313 g</span></p></div><div class=""ql-clipboard"" contenteditable=""true"" tabindex=""-1""></div><div class=""ql-tooltip ql-hidden""><a class=""ql-preview"" target=""_blank"" href=""about:blank""></a><input type=""text"" data-formula=""e=mc^2"" data-link=""https://quilljs.com"" data-video=""Embed URL""><a class=""ql-action""></a><a class=""ql-remove""></a></div>","Förvaras torrt och i rumstemperatur.","<div class=""ql-editor"" data-gramm=""false"" contenteditable=""true""><p><span style=""color: rgb(33, 37, 41);"">Livshem har ambitionen att alltid ge rätt produkt information. Förändringar i produktens innehåll kan ske över tid, kontrollera därför alltid före användning informationen på produktens förpackning.</span></p></div><div class=""ql-clipboard"" contenteditable=""true"" tabindex=""-1""></div><div class=""ql-tooltip ql-hidden""><a class=""ql-preview"" target=""_blank"" href=""about:blank""></a><input type=""text"" data-formula=""e=mc^2"" data-link=""https://quilljs.com"" data-video=""Embed URL""><a class=""ql-action""></a><a class=""ql-remove""></a></div>","","4,95","","235,71 kr/kg","","In Stock","21g","","Choklad","Choklad bar"
"334","https://livsham2.softwarebyte.co/assets/images/product_image/88094.jpg","Daim Marabou","Godis & snacks","Lager","<div class=""ql-editor"" data-gramm=""false"" contenteditable=""true""><p><span style=""color: rgb(58, 58, 58);"">Daim Dubbel- En riktig klassiker i form av krispig mandelknäck överdragen med härlig mjölkchoklad. En perfekt och balanserad kombination utav hårt och mjukt!</span></p></div><div class=""ql-clipboard"" contenteditable=""true"" tabindex=""-1""></div><div class=""ql-tooltip ql-hidden""><a class=""ql-preview"" target=""_blank"" href=""about:blank""></a><input type=""text"" data-formula=""e=mc^2"" data-link=""https://quilljs.com"" data-video=""Embed URL""><a class=""ql-action""></a><a class=""ql-remove""></a></div>","Sverige","Socker, palmolja/palmeolie, kakaosmör*, kakaomassa*, MANDEL (3%), vassle-/valle-/mysepulver (MJÖLK/MÆLK/MELK), SKUMMJÖLKSPULVER, SMÖRFETT/SMØROLIE/MELKEFETT, vassle-/valle-/myseprodukt (MJÖLK), sockrad kondenserad SKUMMJÖLK, salt, emulgeringsmedel/emulgator (SOJALECITIN), aromer.","<div class=""ql-editor"" data-gramm=""false"" contenteditable=""true""><p><span style=""color: rgb(38, 38, 58);"">Per 100 g:</span></p><p><span style=""color: rgb(38, 38, 58);"">Energi 2238 kJ/536 kcal</span></p><p><span style=""color: rgb(38, 38, 58);"">Fett 31 g</span></p><p><span style=""color: rgb(38, 38, 58);"">-varav mättat fett 16 g</span></p><p><span style=""color: rgb(38, 38, 58);"">Kolhydrat 60 g</span></p><p><span style=""color: rgb(38, 38, 58);"">-varav sockerarter 60 g</span></p><p><span style=""color: rgb(38, 38, 58);"">Fiber 1.2 g</span></p><p><span style=""color: rgb(38, 38, 58);"">Protein 3 g</span></p><p><span style=""color: rgb(38, 38, 58);"">Salt 0.91 g</span></p></div><div class=""ql-clipboard"" contenteditable=""true"" tabindex=""-1""></div><div class=""ql-tooltip ql-hidden""><a class=""ql-preview"" target=""_blank"" href=""about:blank""></a><input type=""text"" data-formula=""e=mc^2"" data-link=""https://quilljs.com"" data-video=""Embed URL""><a class=""ql-action""></a><a class=""ql-remove""></a></div>","Förvaras torrt och i rumstemperatur.","<div class=""ql-editor"" data-gramm=""false"" contenteditable=""true""><p><span style=""color: rgb(33, 37, 41);"">Livshem har ambitionen att alltid ge rätt produkt information. Förändringar i produktens innehåll kan ske över tid, kontrollera därför alltid före användning informationen på produktens förpackning.</span></p></div><div class=""ql-clipboard"" contenteditable=""true"" tabindex=""-1""></div><div class=""ql-tooltip ql-hidden""><a class=""ql-preview"" target=""_blank"" href=""about:blank""></a><input type=""text"" data-formula=""e=mc^2"" data-link=""https://quilljs.com"" data-video=""Embed URL""><a class=""ql-action""></a><a class=""ql-remove""></a></div>","","8,95","","159,82 kr/kg","","In Stock","56g","","Choklad","Choklad bar"
"335","https://livsham2.softwarebyte.co/assets/images/product_image/80626.jpg","Snickers Kingsize","Godis & snacks","Lager","<div class=""ql-editor"" data-gramm=""false"" contenteditable=""true""><p>Snickers Kingsize</p></div><div class=""ql-clipboard"" contenteditable=""true"" tabindex=""-1""></div><div class=""ql-tooltip ql-hidden""><a class=""ql-preview"" target=""_blank"" href=""about:blank""></a><input type=""text"" data-formula=""e=mc^2"" data-link=""https://quilljs.com"" data-video=""Embed URL""><a class=""ql-action""></a><a class=""ql-remove""></a></div>","Poland","Socker/sukker, glukossirap/glukosesirup, JORDNÖTTER/JORDNØDDER/PEANØTTER, SKUMMJÖLKSPULVER/SKUMMETMÆLKSPULVER/MELKEPULVER av SKUMMET MELK, kakaosmör/kakaosmør, kakaomassa/masse, solrosolja/solSIKkeolie, LAKTOS, VASSLE-/VALLE-/MYSE-pulver (av MJÖLK/MÆLK/MELK), MJÖLK-/MÆLKE-/MELKEFETT, palmfett, salt, emulgeringsmedel/emulgator (SOJA-/SOYALECITIN), ÄGGVITE-/ÆGGEHVIDE-/EGGEHVITEPULVER, MJÖLK-/MÆLKE-/MELKEPROTEIN, naturlig vaniljekstrakt. Kan innehålla: HASSEL-NÖT/-NØD/-NØTT. Minst/Mindst 25% kakao/kakaotørstof.","<div class=""ql-editor"" data-gramm=""false"" contenteditable=""true""><p><span style=""color: rgb(38, 38, 58);"">Per 100 g:</span></p><p><span style=""color: rgb(38, 38, 58);"">Energi 2023 kJ/483 kcal</span></p><p><span style=""color: rgb(38, 38, 58);"">Fett 23 g</span></p><p><span style=""color: rgb(38, 38, 58);"">-varav mättat fett 8 g</span></p><p><span style=""color: rgb(38, 38, 58);"">Kolhydrat 61 g</span></p><p><span style=""color: rgb(38, 38, 58);"">-varav sockerarter 51 g</span></p><p><span style=""color: rgb(38, 38, 58);"">Protein 8.6 g</span></p><p><span style=""color: rgb(38, 38, 58);"">Salt 0.6 g</span></p></div><div class=""ql-clipboard"" contenteditable=""true"" tabindex=""-1""></div><div class=""ql-tooltip ql-hidden""><a class=""ql-preview"" target=""_blank"" href=""about:blank""></a><input type=""text"" data-formula=""e=mc^2"" data-link=""https://quilljs.com"" data-video=""Embed URL""><a class=""ql-action""></a><a class=""ql-remove""></a></div>","","<div class=""ql-editor"" data-gramm=""false"" contenteditable=""true""><p><span style=""color: rgb(33, 37, 41);"">Livshem har ambitionen att alltid ge rätt produkt information. Förändringar i produktens innehåll kan ske över tid, kontrollera därför alltid före användning informationen på produktens förpackning.</span></p></div><div class=""ql-clipboard"" contenteditable=""true"" tabindex=""-1""></div><div class=""ql-tooltip ql-hidden""><a class=""ql-preview"" target=""_blank"" href=""about:blank""></a><input type=""text"" data-formula=""e=mc^2"" data-link=""https://quilljs.com"" data-video=""Embed URL""><a class=""ql-action""></a><a class=""ql-remove""></a></div>","","0.690972222","","212,67 kr/kg","","In Stock","75 g","","Choklad","Choklad bar"
"336","https://livsham2.softwarebyte.co/assets/images/product_image/53330.jpg","Sportlunch Cloetta","Godis & snacks","Lager","<div class=""ql-editor"" data-gramm=""false"" contenteditable=""true""><p>Sportlunch</p></div><div class=""ql-clipboard"" contenteditable=""true"" tabindex=""-1""></div><div class=""ql-tooltip ql-hidden""><a class=""ql-preview"" target=""_blank"" href=""about:blank""></a><input type=""text"" data-formula=""e=mc^2"" data-link=""https://quilljs.com"" data-video=""Embed URL""><a class=""ql-action""></a><a class=""ql-remove""></a></div>","Sverige","Socker, kakaosmör1, HELMJÖLKSPULVER, kakaomassa1, VETEMJÖL, vegetabiliska fetter (palm, shea), VASSLEPULVER (MJÖLK), SKUMMJÖLKSPULVER, fettreducerat kakaopulver1, emulgeringsmedel (SOJALECITIN), salt, kokosolja, aromer (bl.a. vanillin), bakpulver (E500). Mjölkchokladen innehåller minst 27% kakao och andra vegetabiliska fetter än kakaosmör. Kan innehålla HASSELNÖTTER. 1Rainforest Alliance Certified. Find out more at ra.org.","<div class=""ql-editor"" data-gramm=""false"" contenteditable=""true""><p><span style=""color: rgb(38, 38, 58);"">Per 100 g:</span></p><p><span style=""color: rgb(38, 38, 58);""><span class=""ql-cursor"">﻿</span></span><span style=""color: rgb(58, 58, 58);"">Energi (kcal) 531 kcal</span></p><p><span style=""color: rgb(58, 58, 58);"">Energi (kJ) 2225 kJ</span></p><p><span style=""color: rgb(58, 58, 58);"">Fett 29 g</span></p><p><span style=""color: rgb(58, 58, 58);"">-varav mättat fett 19 g</span></p><p><span style=""color: rgb(58, 58, 58);"">Kolhydrat 60 g</span></p><p><span style=""color: rgb(58, 58, 58);"">-varav socker 54 g</span></p><p><span style=""color: rgb(58, 58, 58);"">Protein 6 g</span></p><p><span style=""color: rgb(58, 58, 58);"">﻿Salt 0.36 g</span></p></div><div class=""ql-clipboard"" contenteditable=""true"" tabindex=""-1""></div><div class=""ql-tooltip ql-hidden""><a class=""ql-preview"" target=""_blank"" href=""about:blank""></a><input type=""text"" data-formula=""e=mc^2"" data-link=""https://quilljs.com"" data-video=""Embed URL""><a class=""ql-action""></a><a class=""ql-remove""></a></div>","Förvaras torrt och i rumstemperatur.","<div class=""ql-editor"" data-gramm=""false"" contenteditable=""true""><p><span style=""color: rgb(33, 37, 41);"">Livshem har ambitionen att alltid ge rätt produkt information. Förändringar i produktens innehåll kan ske över tid, kontrollera därför alltid före användning informationen på produktens förpackning.</span></p></div><div class=""ql-clipboard"" contenteditable=""true"" tabindex=""-1""></div><div class=""ql-tooltip ql-hidden""><a class=""ql-preview"" target=""_blank"" href=""about:blank""></a><input type=""text"" data-formula=""e=mc^2"" data-link=""https://quilljs.com"" data-video=""Embed URL""><a class=""ql-action""></a><a class=""ql-remove""></a></div>","","7,95","","159,00 kr/kg","","In Stock","50g","","Choklad","Choklad bar"
"337","https://livsham2.softwarebyte.co/assets/images/product_image/66170.jpg","Co-Co Marabou","Godis & snacks","Lager","<div class=""ql-editor"" data-gramm=""false"" contenteditable=""true""><p><span style=""color: rgb(58, 58, 58);"">Marabou Co-Co är en underbar kokostoffé överdragen med vår älskade Marabou mjölkchoklad som får en att drömma sig bort till exotiska platser. Njut av chokladen på språng eller i en lugn och skön hemmamiljö. Genom Cocoa Life, vårt program för en hållbar kakaoproduktion, bidrar Marabou till att kakao odlas på rätt sätt, för att skydda planeten och respektera mänskliga rättigheter i vår värdekedja. Läs mer om Cocoa Life här www.cocoalife.org.</span></p></div><div class=""ql-clipboard"" contenteditable=""true"" tabindex=""-1""></div><div class=""ql-tooltip ql-hidden""><a class=""ql-preview"" target=""_blank"" href=""about:blank""></a><input type=""text"" data-formula=""e=mc^2"" data-link=""https://quilljs.com"" data-video=""Embed URL""><a class=""ql-action""></a><a class=""ql-remove""></a></div>","Sverige","Kokos (28%), socker, sockrad kondenserad SKUMMJÖLK, invertsocker, MJÖLKPULVER, kakaosmör, kakaomassa, glukossirap, palmolja, emulgeringsmedel (SOJALECITIN, solroslecitin), aromer. KAN INNEHÅLLA JORDNÖTTER, NÖTTER, ÄGG OCH VETE.","<div class=""ql-editor"" data-gramm=""false"" contenteditable=""true""><p><span style=""color: rgb(38, 38, 58);"">Per 100 g:</span></p><p><span style=""color: rgb(38, 38, 58);"">Energi 2080 kJ/499 kcal</span></p><p><span style=""color: rgb(38, 38, 58);"">Fett 29 g</span></p><p><span style=""color: rgb(38, 38, 58);"">-varav mättat fett 22 g</span></p><p><span style=""color: rgb(38, 38, 58);"">Kolhydrat 51 g</span></p><p><span style=""color: rgb(38, 38, 58);"">-varav sockerarter 50 g</span></p><p><span style=""color: rgb(38, 38, 58);"">Fiber 5.3 g</span></p><p><span style=""color: rgb(38, 38, 58);"">Protein 5.4 g</span></p><p><span style=""color: rgb(38, 38, 58);"">Salt 0.22 g</span></p></div><div class=""ql-clipboard"" contenteditable=""true"" tabindex=""-1""></div><div class=""ql-tooltip ql-hidden""><a class=""ql-preview"" target=""_blank"" href=""about:blank""></a><input type=""text"" data-formula=""e=mc^2"" data-link=""https://quilljs.com"" data-video=""Embed URL""><a class=""ql-action""></a><a class=""ql-remove""></a></div>","Förvaras torrt och i rumstemperatur.","<div class=""ql-editor"" data-gramm=""false"" contenteditable=""true""><p><span style=""color: rgb(33, 37, 41);"">Livshem har ambitionen att alltid ge rätt produkt information. Förändringar i produktens innehåll kan ske över tid, kontrollera därför alltid före användning informationen på produktens förpackning.</span></p></div><div class=""ql-clipboard"" contenteditable=""true"" tabindex=""-1""></div><div class=""ql-tooltip ql-hidden""><a class=""ql-preview"" target=""_blank"" href=""about:blank""></a><input type=""text"" data-formula=""e=mc^2"" data-link=""https://quilljs.com"" data-video=""Embed URL""><a class=""ql-action""></a><a class=""ql-remove""></a></div>","","8,95","","149,17 kr/kg","","In Stock","60g","","Choklad","Choklad bar"
"338","https://livsham2.softwarebyte.co/assets/images/product_image/3435.jpg","Kinder Bueno Ferrero","Godis & snacks","Lager","<div class=""ql-editor"" data-gramm=""false"" contenteditable=""true""><p>Kinder Bueno Ferrero</p></div><div class=""ql-clipboard"" contenteditable=""true"" tabindex=""-1""></div><div class=""ql-tooltip ql-hidden""><a class=""ql-preview"" target=""_blank"" href=""about:blank""></a><input type=""text"" data-formula=""e=mc^2"" data-link=""https://quilljs.com"" data-video=""Embed URL""><a class=""ql-action""></a><a class=""ql-remove""></a></div>","Belgien","MELKESJOKOLADE 31,5% (sukker, kakaosmør, kakaomasse, SKUMMETMELK (SKUMMJÖLKS) pulver,konsentrert SMØR, emulgator: lecitiner (SOJA); vanillin), sukker, palmolie / palmolja, HVETEMEL / VETEMJÖL,HASSELNØTTER (10,8%), SKUMMETMELK (SKUMMJÖLKS) pulver, HELMELK (SØDMÆLKS) pulver, sjokolade (sukker,kakaomassa, kakaosmör, emulgator: lecitiner (SOJA); vanillin), fettredusert kakao, emulgator: lecitiner (SOJA), hevemidler / bakpulver (natriumhydrogenkarbonat / natriumvätekarbonat, ammoniumhydrogenkarbonat / ammoniumvätekarbonat), salt, vanillin. Mælkeandel / Mjölkbeståndsdelar / Melkekomponenter totalt: 19,5%.","<div class=""ql-editor"" data-gramm=""false"" contenteditable=""true""><p><span style=""color: rgb(38, 38, 58);"">Per 100 g:</span></p><p><span style=""color: rgb(38, 38, 58);""><span class=""ql-cursor"">﻿</span></span><span style=""color: rgb(58, 58, 58);"">Energi (kcal) 572 kcal</span></p><p><span style=""color: rgb(58, 58, 58);"">Energi (kJ) 2384 kJ</span></p><p><span style=""color: rgb(58, 58, 58);"">Fett 37.3 g</span></p><p><span style=""color: rgb(58, 58, 58);"">-varav mättat fett 17.3 g</span></p><p><span style=""color: rgb(58, 58, 58);"">Kolhydrat 49.5 g</span></p><p><span style=""color: rgb(58, 58, 58);"">-varav socker 41.2 g</span></p><p><span style=""color: rgb(58, 58, 58);"">Protein 8.6 g</span></p><p><span style=""color: rgb(58, 58, 58);"">﻿Salt 0.272 g</span></p></div><div class=""ql-clipboard"" contenteditable=""true"" tabindex=""-1""></div><div class=""ql-tooltip ql-hidden""><a class=""ql-preview"" target=""_blank"" href=""about:blank""></a><input type=""text"" data-formula=""e=mc^2"" data-link=""https://quilljs.com"" data-video=""Embed URL""><a class=""ql-action""></a><a class=""ql-remove""></a></div>","Förvaras torrt och i rumstemperatur.","<div class=""ql-editor"" data-gramm=""false"" contenteditable=""true""><p><span style=""color: rgb(33, 37, 41);"">Livshem har ambitionen att alltid ge rätt produkt information. Förändringar i produktens innehåll kan ske över tid, kontrollera därför alltid före användning informationen på produktens förpackning.</span></p></div><div class=""ql-clipboard"" contenteditable=""true"" tabindex=""-1""></div><div class=""ql-tooltip ql-hidden""><a class=""ql-preview"" target=""_blank"" href=""about:blank""></a><input type=""text"" data-formula=""e=mc^2"" data-link=""https://quilljs.com"" data-video=""Embed URL""><a class=""ql-action""></a><a class=""ql-remove""></a></div>","","9,95","","231,40 kr/kg","","In Stock","43g","","Choklad","Choklad bar"
"339","https://livsham2.softwarebyte.co/assets/images/product_image/21503.jpg","Mjölkchoklad Marabou","Godis & snacks","Lager","<div class=""ql-editor"" data-gramm=""false"" contenteditable=""true""><p><span style=""color: rgb(58, 58, 58);"">Marabou Mjölkchoklad, en riktig klassiker! En chokladkaka med vår älskade Marabou Mjölkchoklad i 100g som passar för alla tillfällen. Genom Cocoa Life, vårt program för en hållbar kakaoproduktion, bidrar Marabou till att kakao odlas på rätt sätt, för att skydda planeten och respektera mänskliga rättigheter i vår värdekedja. Läs mer om Cocoa Life här www.cocoalife.org.</span></p></div><div class=""ql-clipboard"" contenteditable=""true"" tabindex=""-1""></div><div class=""ql-tooltip ql-hidden""><a class=""ql-preview"" target=""_blank"" href=""about:blank""></a><input type=""text"" data-formula=""e=mc^2"" data-link=""https://quilljs.com"" data-video=""Embed URL""><a class=""ql-action""></a><a class=""ql-remove""></a></div>","Sverige","Socker, kakaosmör, kakaomassa, vasslepulver (MJÖLK), SKUMMJÖLKSPULVER, SMÖRFETT, vassleprodukt (MJÖLK), emulgeringsmedel (SOJALECITIN), arom.Minst 30% kakao.KAN INNEHÅLLA NÖTTER OCH VETE.","<div class=""ql-editor"" data-gramm=""false"" contenteditable=""true""><p><span style=""color: rgb(38, 38, 58);"">Per 100 g:</span></p><p><span style=""color: rgb(38, 38, 58);"">Energi 2273 kJ/544 kcal</span></p><p><span style=""color: rgb(38, 38, 58);"">Fett 32 g</span></p><p><span style=""color: rgb(38, 38, 58);"">-varav mättat fett 19 g</span></p><p><span style=""color: rgb(38, 38, 58);"">Kolhydrat 59 g</span></p><p><span style=""color: rgb(38, 38, 58);"">-varav sockerarter 58 g</span></p><p><span style=""color: rgb(38, 38, 58);"">Fiber 1.9 g</span></p><p><span style=""color: rgb(38, 38, 58);"">Protein 4.4 g</span></p><p><span style=""color: rgb(38, 38, 58);"">Salt 0.26 g</span></p></div><div class=""ql-clipboard"" contenteditable=""true"" tabindex=""-1""></div><div class=""ql-tooltip ql-hidden""><a class=""ql-preview"" target=""_blank"" href=""about:blank""></a><input type=""text"" data-formula=""e=mc^2"" data-link=""https://quilljs.com"" data-video=""Embed URL""><a class=""ql-action""></a><a class=""ql-remove""></a></div>","Förvaras torrt och i rumstemperatur.","<div class=""ql-editor"" data-gramm=""false"" contenteditable=""true""><p><span style=""color: rgb(33, 37, 41);"">Livshem har ambitionen att alltid ge rätt produkt information. Förändringar i produktens innehåll kan ske över tid, kontrollera därför alltid före användning informationen på produktens förpackning.</span></p></div><div class=""ql-clipboard"" contenteditable=""true"" tabindex=""-1""></div><div class=""ql-tooltip ql-hidden""><a class=""ql-preview"" target=""_blank"" href=""about:blank""></a><input type=""text"" data-formula=""e=mc^2"" data-link=""https://quilljs.com"" data-video=""Embed URL""><a class=""ql-action""></a><a class=""ql-remove""></a></div>","","15,95","","159,50 kr/kg","","In Stock","100g","","Choklad","Choklad bar"
"340","https://livsham2.softwarebyte.co/assets/images/product_image/95669.jpg","Sportlunch Cloetta","Godis & snacks","Lager","<div class=""ql-editor"" data-gramm=""false"" contenteditable=""true""><p><span style=""color: rgb(38, 38, 58);"">Sportlunch chokladkaka är en härlig mix av choklad och krispigt rån. Sportlunch är perfekt när du behöver extra god energi eller ett snabbt mellanmål!</span></p></div><div class=""ql-clipboard"" contenteditable=""true"" tabindex=""-1""></div><div class=""ql-tooltip ql-hidden""><a class=""ql-preview"" target=""_blank"" href=""about:blank""></a><input type=""text"" data-formula=""e=mc^2"" data-link=""https://quilljs.com"" data-video=""Embed URL""><a class=""ql-action""></a><a class=""ql-remove""></a></div>","Sverige","Socker, kakaosmör1, VETEMJÖL, HELMJÖLKSPULVER, vegetabiliska fetter (palm, shea), kakaomassa1, SKUMMJÖLKSPULVER, VASSLEPULVER (MJÖLK), fettreducerat kakaopulver1, emulgeringsmedel (SOJALECITIN), salt, kokosolja, aromer (bl.a. vanillin), bakpulver (E500). Mjölkchokladen innehåller minst 27% kakao och andra vegetabiliska fetter än kakaosmör. Kan innehålla HASSELNÖTTER. 1Rainforest Alliance Certified. Find out more at ra.org.","<div class=""ql-editor"" data-gramm=""false"" contenteditable=""true""><p><span style=""color: rgb(38, 38, 58);"">Per 100 g:</span></p><p><span style=""color: rgb(38, 38, 58);"">Energi 2214 kJ/527 kcal</span></p><p><span style=""color: rgb(38, 38, 58);"">Fett 29 g</span></p><p><span style=""color: rgb(38, 38, 58);"">-varav mättat fett 17 g</span></p><p><span style=""color: rgb(38, 38, 58);"">Kolhydrat 60 g</span></p><p><span style=""color: rgb(38, 38, 58);"">-varav sockerarter 52 g</span></p><p><span style=""color: rgb(38, 38, 58);"">Protein 6.6 g</span></p><p><span style=""color: rgb(38, 38, 58);"">Salt 0.35 g</span></p></div><div class=""ql-clipboard"" contenteditable=""true"" tabindex=""-1""></div><div class=""ql-tooltip ql-hidden""><a class=""ql-preview"" target=""_blank"" href=""about:blank""></a><input type=""text"" data-formula=""e=mc^2"" data-link=""https://quilljs.com"" data-video=""Embed URL""><a class=""ql-action""></a><a class=""ql-remove""></a></div>","Förvaras torrt och i rumstemperatur.","<div class=""ql-editor"" data-gramm=""false"" contenteditable=""true""><p><span style=""color: rgb(33, 37, 41);"">Livshem har ambitionen att alltid ge rätt produkt information. Förändringar i produktens innehåll kan ske över tid, kontrollera därför alltid före användning informationen på produktens förpackning.</span></p></div><div class=""ql-clipboard"" contenteditable=""true"" tabindex=""-1""></div><div class=""ql-tooltip ql-hidden""><a class=""ql-preview"" target=""_blank"" href=""about:blank""></a><input type=""text"" data-formula=""e=mc^2"" data-link=""https://quilljs.com"" data-video=""Embed URL""><a class=""ql-action""></a><a class=""ql-remove""></a></div>","","14,95","","186,88 kr/kg","","In Stock","80g","","Choklad","Choklad bar"
"341","https://livsham2.softwarebyte.co/assets/images/product_image/20466.jpg","Dubbel Nougat Marabou","Godis & snacks","Lager","<div class=""ql-editor"" data-gramm=""false"" contenteditable=""true""><p><span style=""color: rgb(58, 58, 58);"">Dubbel Nougat- Med ett lager ljus, len mandelnougat och ett lager mörk, krämig hasselnötsnougat förenar vår Dubbel Nougat det bästa av två världar. Låt den smälta i munnen och njut!</span></p></div><div class=""ql-clipboard"" contenteditable=""true"" tabindex=""-1""></div><div class=""ql-tooltip ql-hidden""><a class=""ql-preview"" target=""_blank"" href=""about:blank""></a><input type=""text"" data-formula=""e=mc^2"" data-link=""https://quilljs.com"" data-video=""Embed URL""><a class=""ql-action""></a><a class=""ql-remove""></a></div>","Sverige","Socker, HASSELNÖTTER/-NØDDER (18%), vegetabiliskt fett/fedtstoffer (palm/palme, shea), MANDEL (9,5%), vassle-/vallepulver (MJÖLK/MÆLK), kakaomassa, kakaosmör, SKUMMJÖLKS-/SKUMMETMÆLKSPULVER, SMÖRFETT/SMØROLIE, emulgeringsmedel/emulgatorer (SOJALECITIN,E476), aromer.KAN INNEHÅLLA JORDNÖTTER, ÄGG OCH VETE/JORDNØDDER, ÆG OG HVEDE.","<div class=""ql-editor"" data-gramm=""false"" contenteditable=""true""><p><span style=""color: rgb(38, 38, 58);"">Per 100 g:</span></p><p><span style=""color: rgb(38, 38, 58);""><span class=""ql-cursor"">﻿</span></span><span style=""color: rgb(58, 58, 58);"">Energi (kcal) 565 kcal</span></p><p><span style=""color: rgb(58, 58, 58);"">Energi (kJ) 2357 kJ</span></p><p><span style=""color: rgb(58, 58, 58);"">Fett 36 g</span></p><p><span style=""color: rgb(58, 58, 58);"">-varav mättat fett 13 g</span></p><p><span style=""color: rgb(58, 58, 58);"">Kolhydrat 52 g</span></p><p><span style=""color: rgb(58, 58, 58);"">-varav socker 50 g</span></p><p><span style=""color: rgb(58, 58, 58);"">Fiber 3.7 g</span></p><p><span style=""color: rgb(58, 58, 58);"">Protein 6.2 g</span></p><p><span style=""color: rgb(58, 58, 58);"">﻿Salt 0.13 g</span></p></div><div class=""ql-clipboard"" contenteditable=""true"" tabindex=""-1""></div><div class=""ql-tooltip ql-hidden""><a class=""ql-preview"" target=""_blank"" href=""about:blank""></a><input type=""text"" data-formula=""e=mc^2"" data-link=""https://quilljs.com"" data-video=""Embed URL""><a class=""ql-action""></a><a class=""ql-remove""></a></div>","Förvaras torrt och i rumstemperatur.","<div class=""ql-editor"" data-gramm=""false"" contenteditable=""true""><p><span style=""color: rgb(33, 37, 41);"">Livshem har ambitionen att alltid ge rätt produkt information. Förändringar i produktens innehåll kan ske över tid, kontrollera därför alltid före användning informationen på produktens förpackning.</span></p></div><div class=""ql-clipboard"" contenteditable=""true"" tabindex=""-1""></div><div class=""ql-tooltip ql-hidden""><a class=""ql-preview"" target=""_blank"" href=""about:blank""></a><input type=""text"" data-formula=""e=mc^2"" data-link=""https://quilljs.com"" data-video=""Embed URL""><a class=""ql-action""></a><a class=""ql-remove""></a></div>","","8,95","","208,14 kr/kg","","In Stock","43g","","Choklad","Choklad bar"
"342","https://livsham2.softwarebyte.co/assets/images/product_image/59118.jpg","Schweizernöt Marabou","Godis & snacks","Lager","<div class=""ql-editor"" data-gramm=""false"" contenteditable=""true""><p><span style=""color: rgb(58, 58, 58);"">Marabou Schweizernöt är en av Marabous klassiker! Marabou Mjölkchokladkaka med grovhackade hasselnötter som passar för alla tillfällen. Genom Cocoa Life, vårt program för en hållbar kakaoproduktion, bidrar Marabou till att kakao odlas på rätt sätt, för att skydda planeten och respektera mänskliga rättigheter i vår värdekedja. Läs mer om Cocoa Life här www.cocoalife.org.</span></p></div><div class=""ql-clipboard"" contenteditable=""true"" tabindex=""-1""></div><div class=""ql-tooltip ql-hidden""><a class=""ql-preview"" target=""_blank"" href=""about:blank""></a><input type=""text"" data-formula=""e=mc^2"" data-link=""https://quilljs.com"" data-video=""Embed URL""><a class=""ql-action""></a><a class=""ql-remove""></a></div>","Sverige","Socker, HASSELNÖTTER (17%), kakaosmör, kakaomassa, vasslepulver (MJÖLK), SKUMMJÖLKSPULVER, SMÖRFETT, vassleprodukt (MJÖLK), emulgeringsmedel (SOJALECITIN), arom. Minst 30% kakao.KAN INNEHÅLLA ANDRA NÖTTER OCH VETE","<div class=""ql-editor"" data-gramm=""false"" contenteditable=""true""><p><span style=""color: rgb(38, 38, 58);"">Per 100 g:</span></p><p><span style=""color: rgb(38, 38, 58);""><span class=""ql-cursor"">﻿</span></span><span style=""color: rgb(58, 58, 58);"">Energi (kcal) 570 kcal</span></p><p><span style=""color: rgb(58, 58, 58);"">Energi (kJ) 2365 kJ</span></p><p><span style=""color: rgb(58, 58, 58);"">Fett 37 g</span></p><p><span style=""color: rgb(58, 58, 58);"">-varav mättat fett 17 g</span></p><p><span style=""color: rgb(58, 58, 58);"">Kolhydrat 50.5 g</span></p><p><span style=""color: rgb(58, 58, 58);"">-varav socker 49 g</span></p><p><span style=""color: rgb(58, 58, 58);"">Fiber 2.1 g</span></p><p><span style=""color: rgb(58, 58, 58);"">Protein 6.6 g</span></p><p><span style=""color: rgb(58, 58, 58);"">﻿Salt 0.28 g</span></p></div><div class=""ql-clipboard"" contenteditable=""true"" tabindex=""-1""></div><div class=""ql-tooltip ql-hidden""><a class=""ql-preview"" target=""_blank"" href=""about:blank""></a><input type=""text"" data-formula=""e=mc^2"" data-link=""https://quilljs.com"" data-video=""Embed URL""><a class=""ql-action""></a><a class=""ql-remove""></a></div>","Förvaras torrt och i rumstemperatur.","<div class=""ql-editor"" data-gramm=""false"" contenteditable=""true""><p><span style=""color: rgb(33, 37, 41);"">Livshem har ambitionen att alltid ge rätt produkt information. Förändringar i produktens innehåll kan ske över tid, kontrollera därför alltid före användning informationen på produktens förpackning.</span></p></div><div class=""ql-clipboard"" contenteditable=""true"" tabindex=""-1""></div><div class=""ql-tooltip ql-hidden""><a class=""ql-preview"" target=""_blank"" href=""about:blank""></a><input type=""text"" data-formula=""e=mc^2"" data-link=""https://quilljs.com"" data-video=""Embed URL""><a class=""ql-action""></a><a class=""ql-remove""></a></div>","","15,95","","159,50 kr/kg","","In Stock","100g","","Choklad","Choklad bar"
"343","https://livsham2.softwarebyte.co/assets/images/product_image/62469.jpg","Helnöt Marabou","Godis & snacks","Lager","<div class=""ql-editor"" data-gramm=""false"" contenteditable=""true""><p><span style=""color: rgb(58, 58, 58);"">Marabou Helnöt är en Marabou Mjölkchokladkaka med hela hasselnöter som passar för alla tillfällen. Genom Cocoa Life, vårt program för en hållbar kakaoproduktion, bidrar Marabou till att kakao odlas på rätt sätt, för att skydda planeten och respektera mänskliga rättigheter i vår värdekedja. Läs mer om Cocoa Life här www.cocoalife.org.</span></p></div><div class=""ql-clipboard"" contenteditable=""true"" tabindex=""-1""></div><div class=""ql-tooltip ql-hidden""><a class=""ql-preview"" target=""_blank"" href=""about:blank""></a><input type=""text"" data-formula=""e=mc^2"" data-link=""https://quilljs.com"" data-video=""Embed URL""><a class=""ql-action""></a><a class=""ql-remove""></a></div>","Sverige","Socker, HASSELNÖTTER ( 20%), kakaosmör, kakaomassa, vasslepulver (MJÖLK), SKUMMJÖLKSPULVER, SMÖRFETT, vassleprodukt (MJÖLK ), emulgeringsmedel (SOJALECITIN), arom. Minst 30% kakao.KAN INNEHÅLLA ANDRA NÖTTER OCH VETE.","<div class=""ql-editor"" data-gramm=""false"" contenteditable=""true""><p><span style=""color: rgb(38, 38, 58);"">Per 100 g:</span></p><p><span style=""color: rgb(38, 38, 58);"">Energi 2367 kJ/568 kcal</span></p><p><span style=""color: rgb(38, 38, 58);"">Fett 38 g</span></p><p><span style=""color: rgb(38, 38, 58);"">-varav mättat fett 16 g</span></p><p><span style=""color: rgb(38, 38, 58);"">Kolhydrat 49 g</span></p><p><span style=""color: rgb(38, 38, 58);"">-varav sockerarter 47 g</span></p><p><span style=""color: rgb(38, 38, 58);"">Fiber 3.3 g</span></p><p><span style=""color: rgb(38, 38, 58);"">Protein 6.6 g</span></p><p><span style=""color: rgb(38, 38, 58);"">Salt 0.2 g</span></p></div><div class=""ql-clipboard"" contenteditable=""true"" tabindex=""-1""></div><div class=""ql-tooltip ql-hidden""><a class=""ql-preview"" target=""_blank"" href=""about:blank""></a><input type=""text"" data-formula=""e=mc^2"" data-link=""https://quilljs.com"" data-video=""Embed URL""><a class=""ql-action""></a><a class=""ql-remove""></a></div>","Förvaras torrt och i rumstemperatur.","<div class=""ql-editor"" data-gramm=""false"" contenteditable=""true""><p><span style=""color: rgb(33, 37, 41);"">Livshem har ambitionen att alltid ge rätt produkt information. Förändringar i produktens innehåll kan ske över tid, kontrollera därför alltid före användning informationen på produktens förpackning.</span></p></div><div class=""ql-clipboard"" contenteditable=""true"" tabindex=""-1""></div><div class=""ql-tooltip ql-hidden""><a class=""ql-preview"" target=""_blank"" href=""about:blank""></a><input type=""text"" data-formula=""e=mc^2"" data-link=""https://quilljs.com"" data-video=""Embed URL""><a class=""ql-action""></a><a class=""ql-remove""></a></div>","","23,95","","119,75 kr/kg","","In Stock","200g","","Choklad","Choklad bar"
"344","https://livsham2.softwarebyte.co/assets/images/product_image/72756.jpg","Lion Nestle","Godis & snacks","Lager","<div class=""ql-editor"" data-gramm=""false"" contenteditable=""true""><p><span style=""color: rgb(58, 58, 58);"">Lion är en läcker kombination av krispigt fyllt rån, söt karamell och spröda korn som är täckt av mjölkchoklad.</span></p></div><div class=""ql-clipboard"" contenteditable=""true"" tabindex=""-1""></div><div class=""ql-tooltip ql-hidden""><a class=""ql-preview"" target=""_blank"" href=""about:blank""></a><input type=""text"" data-formula=""e=mc^2"" data-link=""https://quilljs.com"" data-video=""Embed URL""><a class=""ql-action""></a><a class=""ql-remove""></a></div>","Sverige","Mjölkchokolad/Mælkechokolade (39,5%) (socker/sukker, kakaosmör,HELMJÖLKS-/SØDMÆLKSPULVER, kakaomassa, vegetabiliska oljar (palm, shea),VASSLE-/VALLE-/MYSEPULVER (MJÖLK/MÆLK/MELK), emulgeringsmedel/emulgator (lecitin)), glukos-fruktossirap,VETEMJÖL/HVEDEMEL, sötad/sødet kondensertMJÖLK/MÆLK/MELK (MJÖLK/MÆLK/MELK, socker/sukker), vegetabilisk olja (palm), socker/sukker,VASSLE-/VALLE-/MYSEPULVER (MJÖLK/MÆLK/MELK),maltodextrin,SKUMMJÖLKS-/SKUMMETMÆLKSPULVER,VETESTÄRKELSE/HVEDESTIVELSE, salt, emulgeringsmedel/emulgator (lecithin), bakpulver/hævemiddel(natriumcarbonat), karamelliserad socker/sukker, förtjockningsmedel/fortykningsmiddel (carrageenan).","<div class=""ql-editor"" data-gramm=""false"" contenteditable=""true""><p><span style=""color: rgb(38, 38, 58);"">Per 100 g:</span></p><p><span style=""color: rgb(38, 38, 58);"">Energi 2062 kJ/492 kcal</span></p><p><span style=""color: rgb(38, 38, 58);"">Fett 23.1 g</span></p><p><span style=""color: rgb(38, 38, 58);"">-varav mättat fett 12.8 g</span></p><p><span style=""color: rgb(38, 38, 58);"">Kolhydrat 65.1 g</span></p><p><span style=""color: rgb(38, 38, 58);"">-varav sockerarter 51.3 g</span></p><p><span style=""color: rgb(38, 38, 58);"">Fiber 1.4 g</span></p><p><span style=""color: rgb(38, 38, 58);"">Protein 5.2 g</span></p><p><span style=""color: rgb(38, 38, 58);"">Salt 0.49 g</span></p></div><div class=""ql-clipboard"" contenteditable=""true"" tabindex=""-1""></div><div class=""ql-tooltip ql-hidden""><a class=""ql-preview"" target=""_blank"" href=""about:blank""></a><input type=""text"" data-formula=""e=mc^2"" data-link=""https://quilljs.com"" data-video=""Embed URL""><a class=""ql-action""></a><a class=""ql-remove""></a></div>","Förvaras torrt och i rumstemperatur.","<div class=""ql-editor"" data-gramm=""false"" contenteditable=""true""><p><span style=""color: rgb(33, 37, 41);"">Livshem har ambitionen att alltid ge rätt produkt information. Förändringar i produktens innehåll kan ske över tid, kontrollera därför alltid före användning informationen på produktens förpackning.</span></p></div><div class=""ql-clipboard"" contenteditable=""true"" tabindex=""-1""></div><div class=""ql-tooltip ql-hidden""><a class=""ql-preview"" target=""_blank"" href=""about:blank""></a><input type=""text"" data-formula=""e=mc^2"" data-link=""https://quilljs.com"" data-video=""Embed URL""><a class=""ql-action""></a><a class=""ql-remove""></a></div>","","6,95","","165,48 kr/kg","","In Stock","42g","","Choklad","Choklad bar"
"345","https://livsham2.softwarebyte.co/assets/images/product_image/28948.jpg","Daim Marabou","Godis & snacks","Lager","<div class=""ql-editor"" data-gramm=""false"" contenteditable=""true""><p><span style=""color: rgb(58, 58, 58);"">Marabou Daim- Marabou Daim är en blandning av två av våra största favoriter. Med krossad Daim i chokladen blir den helt oemotståndlig.</span></p></div><div class=""ql-clipboard"" contenteditable=""true"" tabindex=""-1""></div><div class=""ql-tooltip ql-hidden""><a class=""ql-preview"" target=""_blank"" href=""about:blank""></a><input type=""text"" data-formula=""e=mc^2"" data-link=""https://quilljs.com"" data-video=""Embed URL""><a class=""ql-action""></a><a class=""ql-remove""></a></div>","Sverige","Socker, kakaosmör, kakaomassa, palmolja, vasslepulver (MJÖLK), SKUMMJÖLKSPULVER, SMÖRFETT, vassleprodukt (MJÖLK), MANDEL (1.1%), sockrad kondenserad SKUMMJÖLK, emulgeringsmedel (SOJALECITIN), salt, aromer. Minst 30% kakao.","<div class=""ql-editor"" data-gramm=""false"" contenteditable=""true""><p><span style=""color: rgb(38, 38, 58);"">Per 100 g:</span></p><p><span style=""color: rgb(38, 38, 58);"">Energi 2255 kJ/540 kcal</span></p><p><span style=""color: rgb(38, 38, 58);"">Fett 31.5 g</span></p><p><span style=""color: rgb(38, 38, 58);"">-varav mättat fett 18 g</span></p><p><span style=""color: rgb(38, 38, 58);"">Kolhydrat 59 g</span></p><p><span style=""color: rgb(38, 38, 58);"">-varav sockerarter 58 g</span></p><p><span style=""color: rgb(38, 38, 58);"">Fiber 1.7 g</span></p><p><span style=""color: rgb(38, 38, 58);"">Protein 4 g</span></p><p><span style=""color: rgb(38, 38, 58);"">Salt 0.53 g</span></p></div><div class=""ql-clipboard"" contenteditable=""true"" tabindex=""-1""></div><div class=""ql-tooltip ql-hidden""><a class=""ql-preview"" target=""_blank"" href=""about:blank""></a><input type=""text"" data-formula=""e=mc^2"" data-link=""https://quilljs.com"" data-video=""Embed URL""><a class=""ql-action""></a><a class=""ql-remove""></a></div>","Förvaras torrt och i rumstemperatur.","<div class=""ql-editor"" data-gramm=""false"" contenteditable=""true""><p><span style=""color: rgb(33, 37, 41);"">Livshem har ambitionen att alltid ge rätt produkt information. Förändringar i produktens innehåll kan ske över tid, kontrollera därför alltid före användning informationen på produktens förpackning.</span></p></div><div class=""ql-clipboard"" contenteditable=""true"" tabindex=""-1""></div><div class=""ql-tooltip ql-hidden""><a class=""ql-preview"" target=""_blank"" href=""about:blank""></a><input type=""text"" data-formula=""e=mc^2"" data-link=""https://quilljs.com"" data-video=""Embed URL""><a class=""ql-action""></a><a class=""ql-remove""></a></div>","","23,95","","119,75 kr/kg","","In Stock","200g","","Choklad","Choklad bar"
"346","https://livsham2.softwarebyte.co/assets/images/product_image/96432.jpg","Kina Snacks Röd Fazer","Godis & snacks","Lager","<div class=""ql-editor"" data-gramm=""false"" contenteditable=""true""><p><span style=""color: rgb(58, 58, 58);"">Kina Röd Snacks är frasiga majspuffar doppade i choklad. Perfekt när man ska ha fredagsmys eller kalas! Och bäst av allt: som alltid är alla chokladprodukter från Fazer gjorda på 100 % ansvarsfullt producerad kakao.</span></p></div><div class=""ql-clipboard"" contenteditable=""true"" tabindex=""-1""></div><div class=""ql-tooltip ql-hidden""><a class=""ql-preview"" target=""_blank"" href=""about:blank""></a><input type=""text"" data-formula=""e=mc^2"" data-link=""https://quilljs.com"" data-video=""Embed URL""><a class=""ql-action""></a><a class=""ql-remove""></a></div>","Sverige","Socker, kakaosmör, HELMJÖLKSPULVER/SØDMÆLKSPULVER/TØRRMELK, vegetabiliskt fett (palm, shea), puffat majs, kakaomassa, SKUMMJÖLKSPULVER/SKUMMETMÆLKSPULVER, vasslepulver (av MJÖLK)/ vallepulver (fra MÆLK)/mysepulver (fra MELK), emulgeringsmedel (lecitin, bl.a. SOJA), salt, ytbehandlingsmedel (E 904), arom. KAN INNEHÅLLA VETE/ KAN INDEHOLDE HVEDE","<div class=""ql-editor"" data-gramm=""false"" contenteditable=""true""><p><span style=""color: rgb(38, 38, 58);"">Per 100 g:</span></p><p><span style=""color: rgb(38, 38, 58);"">Energi 2234 kJ/535 kcal</span></p><p><span style=""color: rgb(38, 38, 58);"">Fett 32 g</span></p><p><span style=""color: rgb(38, 38, 58);"">-varav mättat fett 20 g</span></p><p><span style=""color: rgb(38, 38, 58);"">Kolhydrat 57 g</span></p><p><span style=""color: rgb(38, 38, 58);"">-varav sockerarter 48 g</span></p><p><span style=""color: rgb(38, 38, 58);"">Protein 6.9 g</span></p><p><span style=""color: rgb(38, 38, 58);"">Salt 0.26 g</span></p></div><div class=""ql-clipboard"" contenteditable=""true"" tabindex=""-1""></div><div class=""ql-tooltip ql-hidden""><a class=""ql-preview"" target=""_blank"" href=""about:blank""></a><input type=""text"" data-formula=""e=mc^2"" data-link=""https://quilljs.com"" data-video=""Embed URL""><a class=""ql-action""></a><a class=""ql-remove""></a></div>","Förvaras torrt och i rumstemperatur.","<div class=""ql-editor"" data-gramm=""false"" contenteditable=""true""><p><span style=""color: rgb(33, 37, 41);"">Livshem har ambitionen att alltid ge rätt produkt information. Förändringar i produktens innehåll kan ske över tid, kontrollera därför alltid före användning informationen på produktens förpackning.</span></p></div><div class=""ql-clipboard"" contenteditable=""true"" tabindex=""-1""></div><div class=""ql-tooltip ql-hidden""><a class=""ql-preview"" target=""_blank"" href=""about:blank""></a><input type=""text"" data-formula=""e=mc^2"" data-link=""https://quilljs.com"" data-video=""Embed URL""><a class=""ql-action""></a><a class=""ql-remove""></a></div>","","28,95","","160,83 kr/kg","","In Stock","180g","","Choklad","Chocklad Ask"
"347","https://livsham2.softwarebyte.co/assets/images/product_image/69903.jpg","Plopp Cloetta","Godis & snacks","Lager","<div class=""ql-editor"" data-gramm=""false"" contenteditable=""true""><p><span style=""background-color: rgb(245, 245, 245); color: rgb(51, 51, 51);"">Plopp Original från Cloetta har en toffeefyllning och är täckt av mjölkchoklad. Unna dig själv denna goda choklad fylld med kolasmak.</span></p></div><div class=""ql-clipboard"" contenteditable=""true"" tabindex=""-1""></div><div class=""ql-tooltip ql-hidden""><a class=""ql-preview"" target=""_blank"" href=""about:blank""></a><input type=""text"" data-formula=""e=mc^2"" data-link=""https://quilljs.com"" data-video=""Embed URL""><a class=""ql-action""></a><a class=""ql-remove""></a></div>","Sverige","Socker, glukossirap, kakaosmör1, HELMJÖLKSPULVER, vegetabiliska fetter (palm, shea), kakaomassa1, SKUMMJÖLKSPULVER, VASSLEPULVER (MJÖLK), salt, emulgeringsmedel (SOJALECITIN), aromer (bl.a. vanillin). Kan innehålla HASSELNÖTTER. Mjölkchokladen innehåller förutom kakaosmör även annat vegetabiliskt fett. 1Rainforest Alliance Certified. Find out more at ra.org.","<div class=""ql-editor"" data-gramm=""false"" contenteditable=""true""><p><span style=""color: rgb(38, 38, 58);"">Per 100 g:</span></p><p><span style=""color: rgb(38, 38, 58);"">Energi 1991 kJ/474 kcal</span></p><p><span style=""color: rgb(38, 38, 58);"">Fett 22 g</span></p><p><span style=""color: rgb(38, 38, 58);"">-varav mättat fett 14 g</span></p><p><span style=""color: rgb(38, 38, 58);"">Kolhydrat 64 g</span></p><p><span style=""color: rgb(38, 38, 58);"">-varav sockerarter 49 g</span></p><p><span style=""color: rgb(38, 38, 58);"">Protein 4 g</span></p><p><span style=""color: rgb(38, 38, 58);"">Salt 0.42 g</span></p></div><div class=""ql-clipboard"" contenteditable=""true"" tabindex=""-1""></div><div class=""ql-tooltip ql-hidden""><a class=""ql-preview"" target=""_blank"" href=""about:blank""></a><input type=""text"" data-formula=""e=mc^2"" data-link=""https://quilljs.com"" data-video=""Embed URL""><a class=""ql-action""></a><a class=""ql-remove""></a></div>","Förvaras torrt och i rumstemperatur.","<div class=""ql-editor"" data-gramm=""false"" contenteditable=""true""><p><span style=""color: rgb(33, 37, 41);"">Livshem har ambitionen att alltid ge rätt produkt information. Förändringar i produktens innehåll kan ske över tid, kontrollera därför alltid före användning informationen på produktens förpackning.</span></p></div><div class=""ql-clipboard"" contenteditable=""true"" tabindex=""-1""></div><div class=""ql-tooltip ql-hidden""><a class=""ql-preview"" target=""_blank"" href=""about:blank""></a><input type=""text"" data-formula=""e=mc^2"" data-link=""https://quilljs.com"" data-video=""Embed URL""><a class=""ql-action""></a><a class=""ql-remove""></a></div>","","7,95","","159,00 kr/kg","","In Stock","50g","","Choklad","Choklad bar"
"348","https://livsham2.softwarebyte.co/assets/images/product_image/54237.jpg","Extra Vergine Classico olivolja","Skafferi","Lager","<div class=""ql-editor"" data-gramm=""false"" contenteditable=""true""><h4>Zeta Extra jungfruolivolja Classico har en fyllig olivsmak som följs av en mild eftersmak. Passar utmärkt både som smaksättare och till matlagning.</h4></div><div class=""ql-clipboard"" contenteditable=""true"" tabindex=""-1""></div><div class=""ql-tooltip ql-hidden""><a class=""ql-preview"" target=""_blank"" href=""about:blank""></a><input type=""text"" data-formula=""e=mc^2"" data-link=""https://quilljs.com"" data-video=""Embed URL""><a class=""ql-action""></a><a class=""ql-remove""></a></div>","Italien","Extra jungfruolivolja","<div class=""ql-editor"" data-gramm=""false"" contenteditable=""true""><p><span style=""color: rgb(38, 38, 58);"">Per 100 gram:</span></p><p><span style=""color: rgb(38, 38, 58);"">Energi 3390 kJ/823 kcal</span></p><p><span style=""color: rgb(38, 38, 58);"">Fett 92 g</span></p><p><span style=""color: rgb(38, 38, 58);"">-varav mättat fett 13 g</span></p><p><span style=""color: rgb(38, 38, 58);"">-varav enkelomättat fett 68 g</span></p><p><span style=""color: rgb(38, 38, 58);"">-varav fleromättat fett 7.2 g</span></p><p><span style=""color: rgb(38, 38, 58);"">Kolhydrat 0 g</span></p><p><span style=""color: rgb(38, 38, 58);"">-varav sockerarter 0 g</span></p><p><span style=""color: rgb(38, 38, 58);"">Protein 0 g</span></p><p><span style=""color: rgb(38, 38, 58);"">Salt 0 g</span></p><p><span style=""color: rgb(38, 38, 58);"">Vitamin E 21 mg</span></p></div><div class=""ql-clipboard"" contenteditable=""true"" tabindex=""-1""></div><div class=""ql-tooltip ql-hidden""><a class=""ql-preview"" target=""_blank"" href=""about:blank""></a><input type=""text"" data-formula=""e=mc^2"" data-link=""https://quilljs.com"" data-video=""Embed URL""><a class=""ql-action""></a><a class=""ql-remove""></a></div>","Förvaras vid högst 25°C","<div class=""ql-editor"" data-gramm=""false"" contenteditable=""true""><p>Livshem har ambitionen att alltid ge rätt produkt information. Förändringar i produktens innehåll kan ske över tid, kontrollera därför alltid före användning informationen på produktens förpackning.</p></div><div class=""ql-clipboard"" contenteditable=""true"" tabindex=""-1""></div><div class=""ql-tooltip ql-hidden""><a class=""ql-preview"" target=""_blank"" href=""about:blank""></a><input type=""text"" data-formula=""e=mc^2"" data-link=""https://quilljs.com"" data-video=""Embed URL""><a class=""ql-action""></a><a class=""ql-remove""></a></div>","","76,00","","152,00 kr/l","","In Stock","500ml","","Olja & vinäger","Olivolja"
"349","https://livsham2.softwarebyte.co/assets/images/product_image/28446.jpg","KitKat 4-finger Nestle","Godis & snacks","Lager","<div class=""ql-editor"" data-gramm=""false"" contenteditable=""true""><p><span style=""color: rgb(58, 58, 58);"">KitKat-originalet. En härlig chokladbar av ett krispigt rån täckt med mjölkchoklad.</span></p></div><div class=""ql-clipboard"" contenteditable=""true"" tabindex=""-1""></div><div class=""ql-tooltip ql-hidden""><a class=""ql-preview"" target=""_blank"" href=""about:blank""></a><input type=""text"" data-formula=""e=mc^2"" data-link=""https://quilljs.com"" data-video=""Embed URL""><a class=""ql-action""></a><a class=""ql-remove""></a></div>","Sverige","Socker/Sukker, VETEMJÖL/HVEDE-/HVETEMEL, SKUMMJÖLKS-/SKUMMETMÆLKSPULVER, kakaosmör, kakaomassa, vegetabilisk fett (palm, shea), SMÖROLJA (MJÖLK/MÆLK/MELK), fettreducerad kakaopulver, emulgeringsmedel/emulgator (lecitin), bakpulver/hævemiddel/ (natriumbicarbonat).","<div class=""ql-editor"" data-gramm=""false"" contenteditable=""true""><p><span style=""color: rgb(38, 38, 58);"">Per 100 g:</span></p><p><span style=""color: rgb(38, 38, 58);"">2151 kJ/514 kcal</span></p><p><span style=""color: rgb(38, 38, 58);"">Fett 26.8 g</span></p><p><span style=""color: rgb(38, 38, 58);"">-varav mättat fett 15 g</span></p><p><span style=""color: rgb(38, 38, 58);"">Kolhydrat 59 g</span></p><p><span style=""color: rgb(38, 38, 58);"">-varav sockerarter 45.7 g</span></p><p><span style=""color: rgb(38, 38, 58);"">Fiber 2.5 g</span></p><p><span style=""color: rgb(38, 38, 58);"">Protein 7.8 g</span></p><p><span style=""color: rgb(38, 38, 58);"">Salt 0.14 g</span></p></div><div class=""ql-clipboard"" contenteditable=""true"" tabindex=""-1""></div><div class=""ql-tooltip ql-hidden""><a class=""ql-preview"" target=""_blank"" href=""about:blank""></a><input type=""text"" data-formula=""e=mc^2"" data-link=""https://quilljs.com"" data-video=""Embed URL""><a class=""ql-action""></a><a class=""ql-remove""></a></div>","Förvaras torrt och i rumstemperatur.","<div class=""ql-editor"" data-gramm=""false"" contenteditable=""true""><p><span style=""color: rgb(33, 37, 41);"">Livshem har ambitionen att alltid ge rätt produkt information. Förändringar i produktens innehåll kan ske över tid, kontrollera därför alltid före användning informationen på produktens förpackning.</span></p></div><div class=""ql-clipboard"" contenteditable=""true"" tabindex=""-1""></div><div class=""ql-tooltip ql-hidden""><a class=""ql-preview"" target=""_blank"" href=""about:blank""></a><input type=""text"" data-formula=""e=mc^2"" data-link=""https://quilljs.com"" data-video=""Embed URL""><a class=""ql-action""></a><a class=""ql-remove""></a></div>","","6,95","","167,47 kr/kg","","In Stock","41,5g","","Choklad","Choklad bar"
"350","https://livsham2.softwarebyte.co/assets/images/product_image/96955.jpg","Mörk choklad Toffee Riesen","Godis & snacks","Lager","<div class=""ql-editor"" data-gramm=""false"" contenteditable=""true""><p><span style=""color: rgb(58, 58, 58);"">Påse med chokladkola täckt med mörk Gavoa-choklad. Passar till kaffet eller när du är sugen på något sött.</span></p></div><div class=""ql-clipboard"" contenteditable=""true"" tabindex=""-1""></div><div class=""ql-tooltip ql-hidden""><a class=""ql-preview"" target=""_blank"" href=""about:blank""></a><input type=""text"" data-formula=""e=mc^2"" data-link=""https://quilljs.com"" data-video=""Embed URL""><a class=""ql-action""></a><a class=""ql-remove""></a></div>","Tyskland","Glukossirap, socker, kondenserad VASSLE (från MJÖLK), kakaomassa* (10 %), palmfett, kondenserad SKUMMJÖLK, kakao, fuktighetsbevarande medel: sorbitolsirap, kakaosmör, SMÖRFETT, VASSLEPULVER (från MJÖLK), modifierad stärkelse, emulgeringsmedel: lecitiner (SOJA), vaniljextrakt. *gjord av Gavoa kakaoblandningKan även innehålla delar av JORDNÖT SAMT HASSELNÖT, MANDEL och andra NÖTTER.","<div class=""ql-editor"" data-gramm=""false"" contenteditable=""true""><p><span style=""color: rgb(38, 38, 58);"">Per 100 g:</span></p><p><span style=""color: rgb(38, 38, 58);""><span class=""ql-cursor"">﻿</span></span><span style=""color: rgb(58, 58, 58);"">Energi (kcal) 448 kcal</span></p><p><span style=""color: rgb(58, 58, 58);"">Energi (kJ) 1877 kJ</span></p><p><span style=""color: rgb(58, 58, 58);"">Fett 18.1 g</span></p><p><span style=""color: rgb(58, 58, 58);"">-varav mättat fett 10.7 g</span></p><p><span style=""color: rgb(58, 58, 58);"">Kolhydrat 66.6 g</span></p><p><span style=""color: rgb(58, 58, 58);"">-varav socker 44.7 g</span></p><p><span style=""color: rgb(58, 58, 58);"">Protein 3.8 g</span></p><p><span style=""color: rgb(58, 58, 58);"">﻿Salt 0.14 g</span></p></div><div class=""ql-clipboard"" contenteditable=""true"" tabindex=""-1""></div><div class=""ql-tooltip ql-hidden""><a class=""ql-preview"" target=""_blank"" href=""about:blank""></a><input type=""text"" data-formula=""e=mc^2"" data-link=""https://quilljs.com"" data-video=""Embed URL""><a class=""ql-action""></a><a class=""ql-remove""></a></div>","Förvaras torrt och i rumstemperatur.","<div class=""ql-editor"" data-gramm=""false"" contenteditable=""true""><p><span style=""color: rgb(33, 37, 41);"">Livshem har ambitionen att alltid ge rätt produkt information. Förändringar i produktens innehåll kan ske över tid, kontrollera därför alltid före användning informationen på produktens förpackning.</span></p></div><div class=""ql-clipboard"" contenteditable=""true"" tabindex=""-1""></div><div class=""ql-tooltip ql-hidden""><a class=""ql-preview"" target=""_blank"" href=""about:blank""></a><input type=""text"" data-formula=""e=mc^2"" data-link=""https://quilljs.com"" data-video=""Embed URL""><a class=""ql-action""></a><a class=""ql-remove""></a></div>","","21,95","","146,33 kr/kg","","In Stock","150g","","Choklad","Chocklad Ask"
"351","https://livsham2.softwarebyte.co/assets/images/product_image/17013.jpg","Non Stop Marabou","Godis & snacks","Lager","<div class=""ql-editor"" data-gramm=""false"" contenteditable=""true""><p><span style=""color: rgb(58, 58, 58);"">Non Stop-Du kan inte stoppa när du börjar med Non Stop hette det när de färgglada chokladlinserna i rött, gult, orange och grönt kom till på 40-talet, varje färg med sin smak. Det var faktiskt de mest moderiktiga damerna på Marabou-kontoret som fick föreslå vilka färger de små godbitarna skulle ha!</span></p></div><div class=""ql-clipboard"" contenteditable=""true"" tabindex=""-1""></div><div class=""ql-tooltip ql-hidden""><a class=""ql-preview"" target=""_blank"" href=""about:blank""></a><input type=""text"" data-formula=""e=mc^2"" data-link=""https://quilljs.com"" data-video=""Embed URL""><a class=""ql-action""></a><a class=""ql-remove""></a></div>","Norge","Socker, kakaomassa, kakaosmör, MJÖLKPULVER, ytbehandlingsmedel (gummi arabicum, bivax), emulgeringsmedel (SOJALECITINER), färgämnen (E120,E153, E172, E160a, E100, E133), aromer, glukos-fruktossirap. Minst 44 % kakao.KAN INNEHÅLLA JORDNÖTTER, NÖTTER OCH VETE.","<div class=""ql-editor"" data-gramm=""false"" contenteditable=""true""><p><span style=""color: rgb(38, 38, 58);"">Per 100 g:</span></p><p><span style=""color: rgb(38, 38, 58);"">Energi 2027 kJ/483 kcal</span></p><p><span style=""color: rgb(38, 38, 58);"">Fett 20 g</span></p><p><span style=""color: rgb(38, 38, 58);"">-varav mättat fett 11 g</span></p><p><span style=""color: rgb(38, 38, 58);"">Kolhydrat 70 g</span></p><p><span style=""color: rgb(38, 38, 58);"">-varav sockerarter 69 g</span></p><p><span style=""color: rgb(38, 38, 58);"">Fiber 5.2 g</span></p><p><span style=""color: rgb(38, 38, 58);"">Protein 3.5 g</span></p><p><span style=""color: rgb(38, 38, 58);"">Salt 0.01 g</span></p></div><div class=""ql-clipboard"" contenteditable=""true"" tabindex=""-1""></div><div class=""ql-tooltip ql-hidden""><a class=""ql-preview"" target=""_blank"" href=""about:blank""></a><input type=""text"" data-formula=""e=mc^2"" data-link=""https://quilljs.com"" data-video=""Embed URL""><a class=""ql-action""></a><a class=""ql-remove""></a></div>","Förvaras torrt och i rumstemperatur.","<div class=""ql-editor"" data-gramm=""false"" contenteditable=""true""><p><span style=""color: rgb(33, 37, 41);"">Livshem har ambitionen att alltid ge rätt produkt information. Förändringar i produktens innehåll kan ske över tid, kontrollera därför alltid före användning informationen på produktens förpackning.</span></p></div><div class=""ql-clipboard"" contenteditable=""true"" tabindex=""-1""></div><div class=""ql-tooltip ql-hidden""><a class=""ql-preview"" target=""_blank"" href=""about:blank""></a><input type=""text"" data-formula=""e=mc^2"" data-link=""https://quilljs.com"" data-video=""Embed URL""><a class=""ql-action""></a><a class=""ql-remove""></a></div>","","35,95","","159,78 kr/kg","","In Stock","225g","","Choklad","Chocklad Ask"
"352","https://livsham2.softwarebyte.co/assets/images/product_image/37815.jpg","M partysize Peanut Marabou","Godis & snacks","Lager","<div class=""ql-editor"" data-gramm=""false"" contenteditable=""true""><p><span style=""color: rgb(58, 58, 58);"">M Peanut-Har du provat “M”, alla cineasters favoritgodis? Vi kan lova att de chokladdoppade jordnötterna smakar riktigt gott även utanför biosalongen.</span></p></div><div class=""ql-clipboard"" contenteditable=""true"" tabindex=""-1""></div><div class=""ql-tooltip ql-hidden""><a class=""ql-preview"" target=""_blank"" href=""about:blank""></a><input type=""text"" data-formula=""e=mc^2"" data-link=""https://quilljs.com"" data-video=""Embed URL""><a class=""ql-action""></a><a class=""ql-remove""></a></div>","Sverige","Socker, rostade JORDNÖTTER (20 %), MJÖLKPULVER, kakaosmör, kakaomassa, ytbehandlingsmedel (bivax, gummi arabicum), emulgeringsmedel (SOJALECITINER), färgämnen (E172, E153, E133), glukos-fruktossirap, arom. Minst 30 % kakao. KAN INNEHÅLLA NÖTTER OCH VETE.","<div class=""ql-editor"" data-gramm=""false"" contenteditable=""true""><p><span style=""color: rgb(38, 38, 58);"">Per 100 g:</span></p><p><span style=""color: rgb(38, 38, 58);"">Energi 2132 kJ/509 kcal</span></p><p><span style=""color: rgb(38, 38, 58);"">Fett 25 g</span></p><p><span style=""color: rgb(38, 38, 58);"">-varav mättat fett 10 g</span></p><p><span style=""color: rgb(38, 38, 58);"">Kolhydrat 60 g</span></p><p><span style=""color: rgb(38, 38, 58);"">-varav sockerarter 58 g</span></p><p><span style=""color: rgb(38, 38, 58);"">Fiber 3.1 g</span></p><p><span style=""color: rgb(38, 38, 58);"">Protein 9.1 g</span></p><p><span style=""color: rgb(38, 38, 58);"">Salt 0.09 g</span></p></div><div class=""ql-clipboard"" contenteditable=""true"" tabindex=""-1""></div><div class=""ql-tooltip ql-hidden""><a class=""ql-preview"" target=""_blank"" href=""about:blank""></a><input type=""text"" data-formula=""e=mc^2"" data-link=""https://quilljs.com"" data-video=""Embed URL""><a class=""ql-action""></a><a class=""ql-remove""></a></div>","Förvaras torrt och i rumstemperatur.","<div class=""ql-editor"" data-gramm=""false"" contenteditable=""true""><p><span style=""color: rgb(33, 37, 41);"">Livshem har ambitionen att alltid ge rätt produkt information. Förändringar i produktens innehåll kan ske över tid, kontrollera därför alltid före användning informationen på produktens förpackning.</span></p></div><div class=""ql-clipboard"" contenteditable=""true"" tabindex=""-1""></div><div class=""ql-tooltip ql-hidden""><a class=""ql-preview"" target=""_blank"" href=""about:blank""></a><input type=""text"" data-formula=""e=mc^2"" data-link=""https://quilljs.com"" data-video=""Embed URL""><a class=""ql-action""></a><a class=""ql-remove""></a></div>","","35,95","","179,75 kr/kg","","In Stock","200g","","Choklad","Chocklad Ask"
"353","https://livsham2.softwarebyte.co/assets/images/product_image/47075.jpg","Dumle Original Fazer","Godis & snacks","Lager","<div class=""ql-editor"" data-gramm=""false"" contenteditable=""true""><p><span style=""color: rgb(58, 58, 58);"">Dumle är en härlig klassiker från Fazer som nästan alla känner till. Det är en kola täckt av mjölkchoklad som är älskad av båda barn och vuxna. Och som alltid är alla produkter gjorda choklad från Fazer tillverkad av 100&nbsp;% ansvarsfullt producerad kakao.</span></p></div><div class=""ql-clipboard"" contenteditable=""true"" tabindex=""-1""></div><div class=""ql-tooltip ql-hidden""><a class=""ql-preview"" target=""_blank"" href=""about:blank""></a><input type=""text"" data-formula=""e=mc^2"" data-link=""https://quilljs.com"" data-video=""Embed URL""><a class=""ql-action""></a><a class=""ql-remove""></a></div>","Sverige","Glukossirap, socker, vegetabiliskt fett (palm), HELMJÖLKSPULVER/ SØDMÆLKSPULVER/TØRRMELK, kakaosmör, vasslepulver (av MJÖLK)/ vallepulver (fra MÆLK)/mysepulver (fra MELK), kakaomassa, MJÖLK/MÆLK/MELK, SKUMMJÖLKSPULVER/SKUMMETMÆLKSPULVER, salt, emulgeringsmedel (lecitin, bl.a. SOJA), aromer. KAN INNEHÅLLA NÖTTER, MANDEL OCH VETE/ KAN INDEHOLDE NØDDER, MANDLER OG HVEDE. Mjölkchokladen innehåller minst 30% kakao/kakaotørstof.","<div class=""ql-editor"" data-gramm=""false"" contenteditable=""true""><p><span style=""color: rgb(38, 38, 58);"">Per 100 g:</span></p><p><span style=""color: rgb(38, 38, 58);"">Energi 1983 kJ/474 kcal</span></p><p><span style=""color: rgb(38, 38, 58);"">Fett 21 g</span></p><p><span style=""color: rgb(38, 38, 58);"">-varav mättat fett 15 g</span></p><p><span style=""color: rgb(38, 38, 58);"">Kolhydrat 66 g</span></p><p><span style=""color: rgb(38, 38, 58);"">-varav sockerarter 53 g</span></p><p><span style=""color: rgb(38, 38, 58);"">Protein 3.4 g</span></p><p><span style=""color: rgb(38, 38, 58);"">Salt 0.32 g</span></p></div><div class=""ql-clipboard"" contenteditable=""true"" tabindex=""-1""></div><div class=""ql-tooltip ql-hidden""><a class=""ql-preview"" target=""_blank"" href=""about:blank""></a><input type=""text"" data-formula=""e=mc^2"" data-link=""https://quilljs.com"" data-video=""Embed URL""><a class=""ql-action""></a><a class=""ql-remove""></a></div>","Förvaras torrt och i rumstemperatur.","<div class=""ql-editor"" data-gramm=""false"" contenteditable=""true""><p><span style=""color: rgb(33, 37, 41);"">Livshem har ambitionen att alltid ge rätt produkt information. Förändringar i produktens innehåll kan ske över tid, kontrollera därför alltid före användning informationen på produktens förpackning.</span></p></div><div class=""ql-clipboard"" contenteditable=""true"" tabindex=""-1""></div><div class=""ql-tooltip ql-hidden""><a class=""ql-preview"" target=""_blank"" href=""about:blank""></a><input type=""text"" data-formula=""e=mc^2"" data-link=""https://quilljs.com"" data-video=""Embed URL""><a class=""ql-action""></a><a class=""ql-remove""></a></div>","","28,95","","131,59 kr/kg","","In Stock","220g","","Choklad","Chocklad Ask"
"354","https://livsham2.softwarebyte.co/assets/images/product_image/49964.jpg","Olivolja Classico","Skafferi","Lager","<div class=""ql-editor"" data-gramm=""false"" contenteditable=""true""><h4>Monini Extra jungfruolivolja Classico, oliver som skördats vid precis rätt mognadstillfälle. Ger en mild olja med fräsch olivsmak, toner av kryddgrönt och gräs.</h4></div><div class=""ql-clipboard"" contenteditable=""true"" tabindex=""-1""></div><div class=""ql-tooltip ql-hidden""><a class=""ql-preview"" target=""_blank"" href=""about:blank""></a><input type=""text"" data-formula=""e=mc^2"" data-link=""https://quilljs.com"" data-video=""Embed URL""><a class=""ql-action""></a><a class=""ql-remove""></a></div>","Italien","Extra jungfruolivolja","<div class=""ql-editor"" data-gramm=""false"" contenteditable=""true""><p><span style=""color: rgb(38, 38, 58);"">Per 100 milliliter:</span></p><p><span style=""color: rgb(38, 38, 58);"">Energi 3404 kJ/828 kcal</span></p><p><span style=""color: rgb(38, 38, 58);"">Fett 92 g</span></p><p><span style=""color: rgb(38, 38, 58);"">-varav mättat fett 14 g</span></p><p><span style=""color: rgb(38, 38, 58);"">-varav enkelomättat fett 69 g</span></p><p><span style=""color: rgb(38, 38, 58);"">-varav fleromättat fett 9 g</span></p><p><span style=""color: rgb(38, 38, 58);"">Kolhydrat 0 g</span></p><p><span style=""color: rgb(38, 38, 58);"">-varav sockerarter 0 g</span></p><p><span style=""color: rgb(38, 38, 58);"">Protein 0 g</span></p><p><span style=""color: rgb(38, 38, 58);"">Salt 0 g</span></p><p><span style=""color: rgb(38, 38, 58);"">Vitamin E 17 mg</span></p></div><div class=""ql-clipboard"" contenteditable=""true"" tabindex=""-1""></div><div class=""ql-tooltip ql-hidden""><a class=""ql-preview"" target=""_blank"" href=""about:blank""></a><input type=""text"" data-formula=""e=mc^2"" data-link=""https://quilljs.com"" data-video=""Embed URL""><a class=""ql-action""></a><a class=""ql-remove""></a></div>","Förvaras vid högst 20°C","<div class=""ql-editor"" data-gramm=""false"" contenteditable=""true""><p>Livshem har ambitionen att alltid ge rätt produkt information. Förändringar i produktens innehåll kan ske över tid, kontrollera därför alltid före användning informationen på produktens förpackning.</p></div><div class=""ql-clipboard"" contenteditable=""true"" tabindex=""-1""></div><div class=""ql-tooltip ql-hidden""><a class=""ql-preview"" target=""_blank"" href=""about:blank""></a><input type=""text"" data-formula=""e=mc^2"" data-link=""https://quilljs.com"" data-video=""Embed URL""><a class=""ql-action""></a><a class=""ql-remove""></a></div>","","249","","124:50 kr/l","","In Stock","2l","","Olja & vinäger","Olivolja"
"355","https://livsham2.softwarebyte.co/assets/images/product_image/3525.jpg","Extra Sweet Mint White","Godis & snacks","Lager","<div class=""ql-editor"" data-gramm=""false"" contenteditable=""true""><p>Extra Sweet Mint White</p></div><div class=""ql-clipboard"" contenteditable=""true"" tabindex=""-1""></div><div class=""ql-tooltip ql-hidden""><a class=""ql-preview"" target=""_blank"" href=""about:blank""></a><input type=""text"" data-formula=""e=mc^2"" data-link=""https://quilljs.com"" data-video=""Embed URL""><a class=""ql-action""></a><a class=""ql-remove""></a></div>","Sverige","Sötningsmedel/sødestoffer Xylitol (32%), Sorbitol, Aspartam, Mannitol, Acesulfam K; Gummibas/gummibase, Förtjockningsmedel/fortykningsmiddel E414, Fuktighetsbevarande Medel/middel E422, Aromer/aromaer, Fyllnadsmedel/fyllstoff E341, Emulgeringsmedel/emulgator SOJA-/SOYALECITIN, Surhetsreglerande Medel/surhedsregulerende Middel E500, Ytbehandlingsmedel/glasurmiddel E903, Antioxidant/antioksidant E320, Färgämne/farvestof/fargestof E133.","<div class=""ql-editor"" data-gramm=""false"" contenteditable=""true""><p><span style=""color: rgb(38, 38, 58);"">Per 100 g:</span></p><p><span style=""color: rgb(38, 38, 58);"">Energi 647 kJ/155 kcal</span></p><p><span style=""color: rgb(38, 38, 58);"">Fett 0 g</span></p><p><span style=""color: rgb(38, 38, 58);"">-varav mättat fett 0 g</span></p><p><span style=""color: rgb(38, 38, 58);"">Kolhydrat 65 g</span></p><p><span style=""color: rgb(38, 38, 58);"">-varav sockerarter 0 g</span></p><p><span style=""color: rgb(38, 38, 58);"">-varav polyoler 65 g</span></p><p><span style=""color: rgb(38, 38, 58);"">Protein 0 g</span></p><p><span style=""color: rgb(38, 38, 58);"">Salt 0.06 g</span></p></div><div class=""ql-clipboard"" contenteditable=""true"" tabindex=""-1""></div><div class=""ql-tooltip ql-hidden""><a class=""ql-preview"" target=""_blank"" href=""about:blank""></a><input type=""text"" data-formula=""e=mc^2"" data-link=""https://quilljs.com"" data-video=""Embed URL""><a class=""ql-action""></a><a class=""ql-remove""></a></div>","Förvaras torrt och i rumstemperatur.","<div class=""ql-editor"" data-gramm=""false"" contenteditable=""true""><p><span style=""color: rgb(33, 37, 41);"">Livshem har ambitionen att alltid ge rätt produkt information. Förändringar i produktens innehåll kan ske över tid, kontrollera därför alltid före användning informationen på produktens förpackning.</span></p></div><div class=""ql-clipboard"" contenteditable=""true"" tabindex=""-1""></div><div class=""ql-tooltip ql-hidden""><a class=""ql-preview"" target=""_blank"" href=""about:blank""></a><input type=""text"" data-formula=""e=mc^2"" data-link=""https://quilljs.com"" data-video=""Embed URL""><a class=""ql-action""></a><a class=""ql-remove""></a></div>","","16,95","","584,48 kr/kg","","In Stock","29g","","Godis","Tuggummi"
"356","https://livsham2.softwarebyte.co/assets/images/product_image/14629.jpg","Extra Watermelon","Godis & snacks","Lager","<div class=""ql-editor"" data-gramm=""false"" contenteditable=""true""><p>Extra Watermelon</p></div><div class=""ql-clipboard"" contenteditable=""true"" tabindex=""-1""></div><div class=""ql-tooltip ql-hidden""><a class=""ql-preview"" target=""_blank"" href=""about:blank""></a><input type=""text"" data-formula=""e=mc^2"" data-link=""https://quilljs.com"" data-video=""Embed URL""><a class=""ql-action""></a><a class=""ql-remove""></a></div>","Sverige","Sötningsmedel/sødestoffer Xylitol (33,5%), Sorbitol, Mannitol, Aspartam, Acesulfam K; Gummibas/gummibase, Förtjockningsmedel/fortykningsmiddel E414, Aromer/aromaer, Fuktighetsbevarande Medel/middel E422, Syra/syre E330, Emulgeringsmedel/emulgator SOJA-/SOYALECITIN, Syra/syre E296, Ytbehandlingsmedel/glasurmiddel E903, Antioxidant/antioksidant E320.","<div class=""ql-editor"" data-gramm=""false"" contenteditable=""true""><p><span style=""color: rgb(38, 38, 58);"">Per 100 g:</span></p><p><span style=""color: rgb(38, 38, 58);""><span class=""ql-cursor"">﻿</span></span><span style=""color: rgb(58, 58, 58);"">Energi (kcal) 167 kcal</span></p><p><span style=""color: rgb(58, 58, 58);"">Energi (kJ) 696 kJ</span></p><p><span style=""color: rgb(58, 58, 58);"">Fett 0 g, Kolhydrat 68 g</span></p><p><span style=""color: rgb(58, 58, 58);"">-varav socker 0 g</span></p><p><span style=""color: rgb(58, 58, 58);"">Protein 0 g</span></p><p><span style=""color: rgb(58, 58, 58);"">-varav polyoler 68 g</span></p></div><div class=""ql-clipboard"" contenteditable=""true"" tabindex=""-1""></div><div class=""ql-tooltip ql-hidden""><a class=""ql-preview"" target=""_blank"" href=""about:blank""></a><input type=""text"" data-formula=""e=mc^2"" data-link=""https://quilljs.com"" data-video=""Embed URL""><a class=""ql-action""></a><a class=""ql-remove""></a></div>","Förvaras torrt och i rumstemperatur.","<div class=""ql-editor"" data-gramm=""false"" contenteditable=""true""><p><span style=""color: rgb(33, 37, 41);"">Livshem har ambitionen att alltid ge rätt produkt information. Förändringar i produktens innehåll kan ske över tid, kontrollera därför alltid före användning informationen på produktens förpackning.</span></p></div><div class=""ql-clipboard"" contenteditable=""true"" tabindex=""-1""></div><div class=""ql-tooltip ql-hidden""><a class=""ql-preview"" target=""_blank"" href=""about:blank""></a><input type=""text"" data-formula=""e=mc^2"" data-link=""https://quilljs.com"" data-video=""Embed URL""><a class=""ql-action""></a><a class=""ql-remove""></a></div>","","16,95","","484,29 kr/kg","","In Stock","35g","","Godis","Tuggummi"
"357","https://livsham2.softwarebyte.co/assets/images/product_image/47799.jpg","Extra Bubble Mint Sockerfritt Wrigley's","Godis & snacks","Lager","<div class=""ql-editor"" data-gramm=""false"" contenteditable=""true""><p>Extra Bubble Mint Sockerfritt Wrigley's</p></div><div class=""ql-clipboard"" contenteditable=""true"" tabindex=""-1""></div><div class=""ql-tooltip ql-hidden""><a class=""ql-preview"" target=""_blank"" href=""about:blank""></a><input type=""text"" data-formula=""e=mc^2"" data-link=""https://quilljs.com"" data-video=""Embed URL""><a class=""ql-action""></a><a class=""ql-remove""></a></div>","Sverige","Sötningsmedel/søtstoffer xylitol (30,2%), sorbitol, aspartam, mannitol, acesulfam K; gummibas, förtjockningsmedel/fortykningsmiddel E414, fuktighetsbevarande medel/fuktighetsbevarer E422, aromer/aromaer, fyllnadsmedel/fyllstoff E341, emulgeringsmedel SOJABÖNLECITIN/emulgator SOYABØNNELECITIN, färgämne/fargestoff E171, ytbehandlingsmedel/overflatebehandlingsmiddel E903, antioxidationsmedel/antioksidant E320, färgämne/fargestoff E133.","<div class=""ql-editor"" data-gramm=""false"" contenteditable=""true""><p><span style=""color: rgb(38, 38, 58);"">Per 100 g:</span></p><p><span style=""color: rgb(38, 38, 58);"">﻿</span><span style=""color: rgb(58, 58, 58);"">Energi (kcal) 145 kcal</span></p><p><span style=""color: rgb(58, 58, 58);"">Energi (kJ) 605 kJ</span></p><p><span style=""color: rgb(58, 58, 58);"">Fett 0 g</span></p><p><span style=""color: rgb(58, 58, 58);"">-varav mättat fett 0 g</span></p><p><span style=""color: rgb(58, 58, 58);"">Kolhydrat 60.5 g</span></p><p><span style=""color: rgb(58, 58, 58);"">-varav socker 0 g</span></p><p><span style=""color: rgb(58, 58, 58);"">Protein 0 g</span></p><p><span style=""color: rgb(58, 58, 58);"">Salt 0 g</span></p><p><span style=""color: rgb(58, 58, 58);"">-varav polyoler 60.5 g</span></p></div><div class=""ql-clipboard"" contenteditable=""true"" tabindex=""-1""></div><div class=""ql-tooltip ql-hidden""><a class=""ql-preview"" target=""_blank"" href=""about:blank""></a><input type=""text"" data-formula=""e=mc^2"" data-link=""https://quilljs.com"" data-video=""Embed URL""><a class=""ql-action""></a><a class=""ql-remove""></a></div>","Förvaras torrt och i rumstemperatur.","<div class=""ql-editor"" data-gramm=""false"" contenteditable=""true""><p><span style=""color: rgb(33, 37, 41);"">Livshem har ambitionen att alltid ge rätt produkt information. Förändringar i produktens innehåll kan ske över tid, kontrollera därför alltid före användning informationen på produktens förpackning.</span></p></div><div class=""ql-clipboard"" contenteditable=""true"" tabindex=""-1""></div><div class=""ql-tooltip ql-hidden""><a class=""ql-preview"" target=""_blank"" href=""about:blank""></a><input type=""text"" data-formula=""e=mc^2"" data-link=""https://quilljs.com"" data-video=""Embed URL""><a class=""ql-action""></a><a class=""ql-remove""></a></div>","","16,95","","484,29 kr/kg","","In Stock","35g","","Godis","Tuggummi"
"358","https://livsham2.softwarebyte.co/assets/images/product_image/79280.jpg","Extra Professional Strong Mint Wrigley's","Godis & snacks","Lager","<div class=""ql-editor"" data-gramm=""false"" contenteditable=""true""><p>Extra Professional Strong Mint Wrigley's</p></div><div class=""ql-clipboard"" contenteditable=""true"" tabindex=""-1""></div><div class=""ql-tooltip ql-hidden""><a class=""ql-preview"" target=""_blank"" href=""about:blank""></a><input type=""text"" data-formula=""e=mc^2"" data-link=""https://quilljs.com"" data-video=""Embed URL""><a class=""ql-action""></a><a class=""ql-remove""></a></div>","Sverige","Sötningsmedel/søtningsstoffer xylitol (30,1%), sorbitol, aspartam, aceslfam K; gummibas, förtjockningsmedel/fortykningsmiddel E414, fuktighetsbevarande medel E422, aromer, fyllnadsmedel E341, färgämne/farvestof E171, emulgeringsmedel lecitin från SOJABÖNA/SOJA BØNNELECITIN, ytbehandlingsmedel E903, antioxidationsmedel E320, färgämne/farvestof E133.","<div class=""ql-editor"" data-gramm=""false"" contenteditable=""true""><p><span style=""color: rgb(38, 38, 58);"">Per 100 g:</span></p><p><span style=""color: rgb(38, 38, 58);"">﻿</span><span style=""color: rgb(58, 58, 58);"">Energi (kcal) 149 kcal</span></p><p><span style=""color: rgb(58, 58, 58);"">Energi (kJ) 621 kJ</span></p><p><span style=""color: rgb(58, 58, 58);"">Fett 0 g</span></p><p><span style=""color: rgb(58, 58, 58);"">-varav mättat fett 0 g</span></p><p><span style=""color: rgb(58, 58, 58);"">Kolhydrat 62.1 g</span></p><p><span style=""color: rgb(58, 58, 58);"">-varav socker 0 g</span></p><p><span style=""color: rgb(58, 58, 58);"">Protein 0 g</span></p><p><span style=""color: rgb(58, 58, 58);"">Salt 0 g</span></p><p><span style=""color: rgb(58, 58, 58);"">-varav polyoler 62.1 g</span></p></div><div class=""ql-clipboard"" contenteditable=""true"" tabindex=""-1""></div><div class=""ql-tooltip ql-hidden""><a class=""ql-preview"" target=""_blank"" href=""about:blank""></a><input type=""text"" data-formula=""e=mc^2"" data-link=""https://quilljs.com"" data-video=""Embed URL""><a class=""ql-action""></a><a class=""ql-remove""></a></div>","Förvaras torrt och i rumstemperatur.","<div class=""ql-editor"" data-gramm=""false"" contenteditable=""true""><p><span style=""color: rgb(33, 37, 41);"">Livshem har ambitionen att alltid ge rätt produkt information. Förändringar i produktens innehåll kan ske över tid, kontrollera därför alltid före användning informationen på produktens förpackning.</span></p></div><div class=""ql-clipboard"" contenteditable=""true"" tabindex=""-1""></div><div class=""ql-tooltip ql-hidden""><a class=""ql-preview"" target=""_blank"" href=""about:blank""></a><input type=""text"" data-formula=""e=mc^2"" data-link=""https://quilljs.com"" data-video=""Embed URL""><a class=""ql-action""></a><a class=""ql-remove""></a></div>","","16,95","","584,48 kr/kg","","In Stock","29g","","Godis","Tuggummi"
"359","https://livsham2.softwarebyte.co/assets/images/product_image/30739.jpg","Extra Melon Mint White Wrigley's","Godis & snacks","Lager","<div class=""ql-editor"" data-gramm=""false"" contenteditable=""true""><p>Extra Melon Mint White Wrigley's 29g</p></div><div class=""ql-clipboard"" contenteditable=""true"" tabindex=""-1""></div><div class=""ql-tooltip ql-hidden""><a class=""ql-preview"" target=""_blank"" href=""about:blank""></a><input type=""text"" data-formula=""e=mc^2"" data-link=""https://quilljs.com"" data-video=""Embed URL""><a class=""ql-action""></a><a class=""ql-remove""></a></div>","Sverige","Sötningsmedel/sødestoffer Xylitol (35,5%), Sorbitol, Mannitol, Aspartam, Acesulfam K; Gummibas/gummibase, Förtjockningsmedel/fortykningsmiddel E414, Fuktighetsbevarande Medel/middel E422, Aromer/aromaer, Fyllnadsmedel/fyllstoff E341, Emulgeringsmedel/emulgator SOJA-/SOYALECITIN, Surhetsreglerande Medel/surhedsregulerende Middel E500, Ytbehandlingsmedel/glasurmiddel E903, Antioxidant/antioksidant E320, Färgämne/farvestof/fargestof E133.","<div class=""ql-editor"" data-gramm=""false"" contenteditable=""true""><p><span style=""color: rgb(38, 38, 58);"">Per 100 g:</span></p><p><span style=""color: rgb(38, 38, 58);"">﻿</span><span style=""color: rgb(58, 58, 58);"">Energi (kcal) 165 kcal</span></p><p><span style=""color: rgb(58, 58, 58);"">Energi (kJ) 686 kJ</span></p><p><span style=""color: rgb(58, 58, 58);"">Fett 0 g</span></p><p><span style=""color: rgb(58, 58, 58);"">-varav mättat fett 0 g</span></p><p><span style=""color: rgb(58, 58, 58);"">Kolhydrat 68.6 g</span></p><p><span style=""color: rgb(58, 58, 58);"">-varav socker 0 g</span></p><p><span style=""color: rgb(58, 58, 58);"">Protein 0 g</span></p><p><span style=""color: rgb(58, 58, 58);"">Salt 0.05 g</span></p><p><span style=""color: rgb(58, 58, 58);"">-varav polyoler 68.6 g</span></p></div><div class=""ql-clipboard"" contenteditable=""true"" tabindex=""-1""></div><div class=""ql-tooltip ql-hidden""><a class=""ql-preview"" target=""_blank"" href=""about:blank""></a><input type=""text"" data-formula=""e=mc^2"" data-link=""https://quilljs.com"" data-video=""Embed URL""><a class=""ql-action""></a><a class=""ql-remove""></a></div>","Förvaras torrt och i rumstemperatur.","<div class=""ql-editor"" data-gramm=""false"" contenteditable=""true""><p><span style=""color: rgb(33, 37, 41);"">Livshem har ambitionen att alltid ge rätt produkt information. Förändringar i produktens innehåll kan ske över tid, kontrollera därför alltid före användning informationen på produktens förpackning.</span></p></div><div class=""ql-clipboard"" contenteditable=""true"" tabindex=""-1""></div><div class=""ql-tooltip ql-hidden""><a class=""ql-preview"" target=""_blank"" href=""about:blank""></a><input type=""text"" data-formula=""e=mc^2"" data-link=""https://quilljs.com"" data-video=""Embed URL""><a class=""ql-action""></a><a class=""ql-remove""></a></div>","","16,95","","584,48 kr/kg","","In Stock","29g","","Godis","Tuggummi"
"360","https://livsham2.softwarebyte.co/assets/images/product_image/2210.jpg","Extra Strong Menthol Wrigley's","Godis & snacks","Lager","<div class=""ql-editor"" data-gramm=""false"" contenteditable=""true""><p>Extra Strong Menthol Wrigley's</p></div><div class=""ql-clipboard"" contenteditable=""true"" tabindex=""-1""></div><div class=""ql-tooltip ql-hidden""><a class=""ql-preview"" target=""_blank"" href=""about:blank""></a><input type=""text"" data-formula=""e=mc^2"" data-link=""https://quilljs.com"" data-video=""Embed URL""><a class=""ql-action""></a><a class=""ql-remove""></a></div>","Sverige","Sötningsmedel/sødestoffer Xylitol (29,9%), Sorbitol, Aspartam, Acesulfam K; Gummibas/gummibase, Aromer/aromaer, Förtjockningsmedel/fortykningsmiddel E414, Fuktighetsbevarande Medel/middel E422, Emulgeringsmedel/emulgator SOJA-/SOYALECITIN, Ytbehandlingsmedel/glasurmiddel E903, Antioxidant/antioksidant E320, Färgämne/farvestof/fargestof E133, E160a.","<div class=""ql-editor"" data-gramm=""false"" contenteditable=""true""><p><span style=""color: rgb(38, 38, 58);"">Per 100 g:</span></p><p><span style=""color: rgb(58, 58, 58);"">Energi (kcal) 143 kcal</span></p><p><span style=""color: rgb(58, 58, 58);"">Energi (kJ) 596 kJ</span></p><p><span style=""color: rgb(58, 58, 58);"">Fett 0 g</span></p><p><span style=""color: rgb(58, 58, 58);"">-varav mättat fett 0 g</span></p><p><span style=""color: rgb(58, 58, 58);"">Kolhydrat 60 g</span></p><p><span style=""color: rgb(58, 58, 58);"">-varav socker 0 g</span></p><p><span style=""color: rgb(58, 58, 58);"">Protein 0 g</span></p><p><span style=""color: rgb(58, 58, 58);"">Salt 0 g</span></p><p><span style=""color: rgb(58, 58, 58);"">-varav polyoler 60 g</span></p></div><div class=""ql-clipboard"" contenteditable=""true"" tabindex=""-1""></div><div class=""ql-tooltip ql-hidden""><a class=""ql-preview"" target=""_blank"" href=""about:blank""></a><input type=""text"" data-formula=""e=mc^2"" data-link=""https://quilljs.com"" data-video=""Embed URL""><a class=""ql-action""></a><a class=""ql-remove""></a></div>","Förvaras torrt och i rumstemperatur.","<div class=""ql-editor"" data-gramm=""false"" contenteditable=""true""><p><span style=""color: rgb(33, 37, 41);"">Livshem har ambitionen att alltid ge rätt produkt information. Förändringar i produktens innehåll kan ske över tid, kontrollera därför alltid före användning informationen på produktens förpackning.</span></p></div><div class=""ql-clipboard"" contenteditable=""true"" tabindex=""-1""></div><div class=""ql-tooltip ql-hidden""><a class=""ql-preview"" target=""_blank"" href=""about:blank""></a><input type=""text"" data-formula=""e=mc^2"" data-link=""https://quilljs.com"" data-video=""Embed URL""><a class=""ql-action""></a><a class=""ql-remove""></a></div>","","16,95","","484,29 kr/kg","","In Stock","35g","","Godis","Tuggummi"
"361","https://livsham2.softwarebyte.co/assets/images/product_image/53113.jpg","Extra White Bubblemint Wrigley's","Godis & snacks","Lager","<div class=""ql-editor"" data-gramm=""false"" contenteditable=""true""><p>Extra White Bubblemint Wrigley's</p></div><div class=""ql-clipboard"" contenteditable=""true"" tabindex=""-1""></div><div class=""ql-tooltip ql-hidden""><a class=""ql-preview"" target=""_blank"" href=""about:blank""></a><input type=""text"" data-formula=""e=mc^2"" data-link=""https://quilljs.com"" data-video=""Embed URL""><a class=""ql-action""></a><a class=""ql-remove""></a></div>","Sverige","Sötningsmedel/sødestoffer xylitol (30,3%), sorbitol, aspartam, mannitol, acesulfam k, sukralos; gummibas/gummibase, förtjockningsmedel/fortykningsmiddel E414, fuktighetsbevarande medel/middel E422, aromer/aromaer, fyllnadsmedel/fyllstoff E341, emulgeringsmedel/emulgator SOJA-/SOYALECITIN, surhetsreglerande medel/surhedsregulerende middel E500, ytbehandlingsmedel/glasurmiddel E903, antioxidant/antioksidant E320, färgämne/farvestof/fargestof E133.","<div class=""ql-editor"" data-gramm=""false"" contenteditable=""true""><p><span style=""color: rgb(38, 38, 58);"">Per 100 g:</span></p><p><span style=""color: rgb(58, 58, 58);"">Energi (kcal) 145 kcal</span></p><p><span style=""color: rgb(58, 58, 58);"">Energi (kJ) 604 kJ</span></p><p><span style=""color: rgb(58, 58, 58);"">Fett 0 g</span></p><p><span style=""color: rgb(58, 58, 58);"">-varav mättat fett 0 g</span></p><p><span style=""color: rgb(58, 58, 58);"">Kolhydrat 60 g</span></p><p><span style=""color: rgb(58, 58, 58);"">-varav socker 0 g</span></p><p><span style=""color: rgb(58, 58, 58);"">Protein 0 g</span></p><p><span style=""color: rgb(58, 58, 58);"">Salt 0.06 g</span></p><p><span style=""color: rgb(58, 58, 58);"">-varav polyoler 60 g</span></p></div><div class=""ql-clipboard"" contenteditable=""true"" tabindex=""-1""></div><div class=""ql-tooltip ql-hidden""><a class=""ql-preview"" target=""_blank"" href=""about:blank""></a><input type=""text"" data-formula=""e=mc^2"" data-link=""https://quilljs.com"" data-video=""Embed URL""><a class=""ql-action""></a><a class=""ql-remove""></a></div>","Förvaras torrt och i rumstemperatur.","<div class=""ql-editor"" data-gramm=""false"" contenteditable=""true""><p><span style=""color: rgb(33, 37, 41);"">Livshem har ambitionen att alltid ge rätt produkt information. Förändringar i produktens innehåll kan ske över tid, kontrollera därför alltid före användning informationen på produktens förpackning.</span></p></div><div class=""ql-clipboard"" contenteditable=""true"" tabindex=""-1""></div><div class=""ql-tooltip ql-hidden""><a class=""ql-preview"" target=""_blank"" href=""about:blank""></a><input type=""text"" data-formula=""e=mc^2"" data-link=""https://quilljs.com"" data-video=""Embed URL""><a class=""ql-action""></a><a class=""ql-remove""></a></div>","","16,95","","584,48 kr/kg","","In Stock","29g","","Godis","Tuggummi"
"362","https://livsham2.softwarebyte.co/assets/images/product_image/74607.jpg","Extra Strawberry Wrigley's","Godis & snacks","Lager","<div class=""ql-editor"" data-gramm=""false"" contenteditable=""true""><p>Extra Strawberry Wrigley's</p></div><div class=""ql-clipboard"" contenteditable=""true"" tabindex=""-1""></div><div class=""ql-tooltip ql-hidden""><a class=""ql-preview"" target=""_blank"" href=""about:blank""></a><input type=""text"" data-formula=""e=mc^2"" data-link=""https://quilljs.com"" data-video=""Embed URL""><a class=""ql-action""></a><a class=""ql-remove""></a></div>","Sverige","Sötningsmedel xylitol (33.4%), sorbitol, mannitol, aspartam, acesulfam K; gummibas, förtjockningsmedel E414, fuktighetsbevarande medel E422, syra E330, emulgeringsmedel SOJALECITIN, syra E296, aromer, ytbehandlingsmedel E903, antioxidant E320.","<div class=""ql-editor"" data-gramm=""false"" contenteditable=""true""><p><span style=""color: rgb(38, 38, 58);"">Per 100 g:</span></p><p><span style=""color: rgb(38, 38, 58);"">Energi 697 kJ/167 kcal</span></p><p><span style=""color: rgb(38, 38, 58);"">Fett 0 g</span></p><p><span style=""color: rgb(38, 38, 58);"">-varav mättat fett 0 g</span></p><p><span style=""color: rgb(38, 38, 58);"">Kolhydrat 68 g</span></p><p><span style=""color: rgb(38, 38, 58);"">-varav sockerarter 0 g</span></p><p><span style=""color: rgb(38, 38, 58);"">-varav polyoler 68 g</span></p><p><span style=""color: rgb(38, 38, 58);"">Protein 0 g</span></p><p><span style=""color: rgb(38, 38, 58);"">Salt 0 g</span></p></div><div class=""ql-clipboard"" contenteditable=""true"" tabindex=""-1""></div><div class=""ql-tooltip ql-hidden""><a class=""ql-preview"" target=""_blank"" href=""about:blank""></a><input type=""text"" data-formula=""e=mc^2"" data-link=""https://quilljs.com"" data-video=""Embed URL""><a class=""ql-action""></a><a class=""ql-remove""></a></div>","Förvaras torrt och i rumstemperatur.","<div class=""ql-editor"" data-gramm=""false"" contenteditable=""true""><p><span style=""color: rgb(33, 37, 41);"">Livshem har ambitionen att alltid ge rätt produkt information. Förändringar i produktens innehåll kan ske över tid, kontrollera därför alltid före användning informationen på produktens förpackning.</span></p></div><div class=""ql-clipboard"" contenteditable=""true"" tabindex=""-1""></div><div class=""ql-tooltip ql-hidden""><a class=""ql-preview"" target=""_blank"" href=""about:blank""></a><input type=""text"" data-formula=""e=mc^2"" data-link=""https://quilljs.com"" data-video=""Embed URL""><a class=""ql-action""></a><a class=""ql-remove""></a></div>","","16,95","","484,29 kr/kg","","In Stock","35g","","Godis","Tuggummi"
"363","https://livsham2.softwarebyte.co/assets/images/product_image/54457.jpg","Extra Eucalyptus Wrigley's","Godis & snacks","Lager","<div class=""ql-editor"" data-gramm=""false"" contenteditable=""true""><p>Extra Eucalyptus Wrigley's</p></div><div class=""ql-clipboard"" contenteditable=""true"" tabindex=""-1""></div><div class=""ql-tooltip ql-hidden""><a class=""ql-preview"" target=""_blank"" href=""about:blank""></a><input type=""text"" data-formula=""e=mc^2"" data-link=""https://quilljs.com"" data-video=""Embed URL""><a class=""ql-action""></a><a class=""ql-remove""></a></div>","England","Sötningsmedel/søtningsstoffer, xylitol (32%), sorbitol, mannitol, aspartam, acesulfame k: gummibas (innehåller lecitin från sojabäna), aromer, förtjockningsmedel/fortykningsmiddel E414, fuktighetsbevarande medel E422, färgämne/farvestof E171, ytbehandlingsmedel/overfladehandlingsmiddel E903, antioxidationsmedel E320. Allergener","<div class=""ql-editor"" data-gramm=""false"" contenteditable=""true""><p><span style=""color: rgb(38, 38, 58);"">Per 100 g:</span></p><p><span style=""color: rgb(38, 38, 58);"">Energi 610 kJ/146 kcal</span></p><p><span style=""color: rgb(38, 38, 58);"">Fett 0 g</span></p><p><span style=""color: rgb(38, 38, 58);"">-varav mättat fett 0 g</span></p><p><span style=""color: rgb(38, 38, 58);"">Kolhydrat 61 g</span></p><p><span style=""color: rgb(38, 38, 58);"">-varav sockerarter 0 g</span></p><p><span style=""color: rgb(38, 38, 58);"">-varav polyoler 61 g</span></p><p><span style=""color: rgb(38, 38, 58);"">Protein 0 g</span></p><p><span style=""color: rgb(38, 38, 58);"">Salt 0 g</span></p></div><div class=""ql-clipboard"" contenteditable=""true"" tabindex=""-1""></div><div class=""ql-tooltip ql-hidden""><a class=""ql-preview"" target=""_blank"" href=""about:blank""></a><input type=""text"" data-formula=""e=mc^2"" data-link=""https://quilljs.com"" data-video=""Embed URL""><a class=""ql-action""></a><a class=""ql-remove""></a></div>","Förvaras torrt och i rumstemperatur.","<div class=""ql-editor"" data-gramm=""false"" contenteditable=""true""><p><span style=""color: rgb(33, 37, 41);"">Livshem har ambitionen att alltid ge rätt produkt information. Förändringar i produktens innehåll kan ske över tid, kontrollera därför alltid före användning informationen på produktens förpackning.</span></p></div><div class=""ql-clipboard"" contenteditable=""true"" tabindex=""-1""></div><div class=""ql-tooltip ql-hidden""><a class=""ql-preview"" target=""_blank"" href=""about:blank""></a><input type=""text"" data-formula=""e=mc^2"" data-link=""https://quilljs.com"" data-video=""Embed URL""><a class=""ql-action""></a><a class=""ql-remove""></a></div>","","16,95","","484,29 kr/kg","","In Stock","35g","","Godis","Tuggummi"
"364","https://livsham2.softwarebyte.co/assets/images/product_image/80291.jpg","Extra Sweet Fruit White Wrigley's","Godis & snacks","Lager","<div class=""ql-editor"" data-gramm=""false"" contenteditable=""true""><p>Extra Sweet Fruit White Wrigley's</p></div><div class=""ql-clipboard"" contenteditable=""true"" tabindex=""-1""></div><div class=""ql-tooltip ql-hidden""><a class=""ql-preview"" target=""_blank"" href=""about:blank""></a><input type=""text"" data-formula=""e=mc^2"" data-link=""https://quilljs.com"" data-video=""Embed URL""><a class=""ql-action""></a><a class=""ql-remove""></a></div>","England","Sötningsmedel/sødestoffer Xylitol (34%), Sorbitol, Mannitol, Aspartam, Acesulfam K; Gummibas/gummibase, Förtjockningsmedel/fortykningsmiddel E414, Fuktighetsbevarande Medel/middel E422, Aromer/aromaer, Fyllnadsmedel/fyllstoff E341, Emulgeringsmedel/emulgator SOJA-/SOYALECITIN, Syra/syre E330, Surhetsreglerande Medel/surhedsregulerende Middel E500, Ytbehandlingsmedel/glasurmiddel E903, Antioxidant/antioksidant E320, Färgämne/farvestof/fargestof E133.","<div class=""ql-editor"" data-gramm=""false"" contenteditable=""true""><p><span style=""color: rgb(38, 38, 58);"">Per 100 g:</span></p><p><span style=""color: rgb(58, 58, 58);"">Energi (kcal) 162 kcal</span></p><p><span style=""color: rgb(58, 58, 58);"">Energi (kJ) 674 kJ</span></p><p><span style=""color: rgb(58, 58, 58);"">Fett 0 g</span></p><p><span style=""color: rgb(58, 58, 58);"">-varav mättat fett 0 g</span></p><p><span style=""color: rgb(58, 58, 58);"">Kolhydrat 67 g</span></p><p><span style=""color: rgb(58, 58, 58);"">-varav socker 0 g</span></p><p><span style=""color: rgb(58, 58, 58);"">Protein 0 g</span></p><p><span style=""color: rgb(58, 58, 58);"">﻿Salt 5 g</span></p><p><span style=""color: rgb(58, 58, 58);"">-varav polyoler 67 g</span></p></div><div class=""ql-clipboard"" contenteditable=""true"" tabindex=""-1""></div><div class=""ql-tooltip ql-hidden""><a class=""ql-preview"" target=""_blank"" href=""about:blank""></a><input type=""text"" data-formula=""e=mc^2"" data-link=""https://quilljs.com"" data-video=""Embed URL""><a class=""ql-action""></a><a class=""ql-remove""></a></div>","Förvaras torrt och i rumstemperatur.","<div class=""ql-editor"" data-gramm=""false"" contenteditable=""true""><p><span style=""color: rgb(33, 37, 41);"">Livshem har ambitionen att alltid ge rätt produkt information. Förändringar i produktens innehåll kan ske över tid, kontrollera därför alltid före användning informationen på produktens förpackning.</span></p></div><div class=""ql-clipboard"" contenteditable=""true"" tabindex=""-1""></div><div class=""ql-tooltip ql-hidden""><a class=""ql-preview"" target=""_blank"" href=""about:blank""></a><input type=""text"" data-formula=""e=mc^2"" data-link=""https://quilljs.com"" data-video=""Embed URL""><a class=""ql-action""></a><a class=""ql-remove""></a></div>","","16,95","","584,48 kr/kg","","In Stock","29g","","Godis","Tuggummi"
"365","https://livsham2.softwarebyte.co/assets/images/product_image/53858.jpg","Extra White Strawberry Wrigley's","Godis & snacks","Lager","<div class=""ql-editor"" data-gramm=""false"" contenteditable=""true""><p>Extra White Strawberry Wrigley's</p></div><div class=""ql-clipboard"" contenteditable=""true"" tabindex=""-1""></div><div class=""ql-tooltip ql-hidden""><a class=""ql-preview"" target=""_blank"" href=""about:blank""></a><input type=""text"" data-formula=""e=mc^2"" data-link=""https://quilljs.com"" data-video=""Embed URL""><a class=""ql-action""></a><a class=""ql-remove""></a></div>","Sverige","Sötningsmedel/sødestoffer xylitol (33,4%), sorbitol, mannitol, aspartam, acesulfam k; gummibas/gummibase, förtjockningsmedel/fortykningsmiddel E414, fuktighetsbevarande medel/middel E422, fyllnadsmedel/fyllstoff E341, syra/syre E330, emulgeringsmedel/emulgator SOJA-/SOYALECITIN, syra/syre E296, aromer/aromaer, surhetsreglerande medel/surhedsregulerende middel E500, ytbehandlingsmedel/glasurmiddel E903, antioxidant/antioksidant E320, färgämne/farvestof/fargestof E133.","<div class=""ql-editor"" data-gramm=""false"" contenteditable=""true""><p><span style=""color: rgb(38, 38, 58);"">Per 100 g:</span></p><p><span style=""color: rgb(58, 58, 58);"">Energi (kcal) 164 kcal</span></p><p><span style=""color: rgb(58, 58, 58);"">Energi (kJ) 686 kJ</span></p><p><span style=""color: rgb(58, 58, 58);"">Fett 0 g</span></p><p><span style=""color: rgb(58, 58, 58);"">-varav mättat fett 0 g</span></p><p><span style=""color: rgb(58, 58, 58);"">Kolhydrat 67 g</span></p><p><span style=""color: rgb(58, 58, 58);"">-varav socker 0 g</span></p><p><span style=""color: rgb(58, 58, 58);"">Protein 0 g</span></p><p><span style=""color: rgb(58, 58, 58);"">Salt 0.05 g</span></p><p><span style=""color: rgb(58, 58, 58);"">-varav polyoler 67 g</span></p></div><div class=""ql-clipboard"" contenteditable=""true"" tabindex=""-1""></div><div class=""ql-tooltip ql-hidden""><a class=""ql-preview"" target=""_blank"" href=""about:blank""></a><input type=""text"" data-formula=""e=mc^2"" data-link=""https://quilljs.com"" data-video=""Embed URL""><a class=""ql-action""></a><a class=""ql-remove""></a></div>","Förvaras torrt och i rumstemperatur.","<div class=""ql-editor"" data-gramm=""false"" contenteditable=""true""><p><span style=""color: rgb(33, 37, 41);"">Livshem har ambitionen att alltid ge rätt produkt information. Förändringar i produktens innehåll kan ske över tid, kontrollera därför alltid före användning informationen på produktens förpackning.</span></p></div><div class=""ql-clipboard"" contenteditable=""true"" tabindex=""-1""></div><div class=""ql-tooltip ql-hidden""><a class=""ql-preview"" target=""_blank"" href=""about:blank""></a><input type=""text"" data-formula=""e=mc^2"" data-link=""https://quilljs.com"" data-video=""Embed URL""><a class=""ql-action""></a><a class=""ql-remove""></a></div>","","16,95","","584,48 kr/kg","","In Stock","29g","","Godis","Tuggummi"
"366","https://livsham2.softwarebyte.co/assets/images/product_image/38316.jpg","Extra Peppermint White Wrigley's","Godis & snacks","Lager","<div class=""ql-editor"" data-gramm=""false"" contenteditable=""true""><p>Extra Peppermint White Wrigley's</p></div><div class=""ql-clipboard"" contenteditable=""true"" tabindex=""-1""></div><div class=""ql-tooltip ql-hidden""><a class=""ql-preview"" target=""_blank"" href=""about:blank""></a><input type=""text"" data-formula=""e=mc^2"" data-link=""https://quilljs.com"" data-video=""Embed URL""><a class=""ql-action""></a><a class=""ql-remove""></a></div>","Sverige","SÖTNINGSMEDEL/SØDESTOFFER XYLITOL (31%), SORBITOL, ASPARTAM, MANNITOL, ACESULFAM K; GUMMIBAS/GUMMIBASE, FÖRTJOCKNINGSMEDEL/FORTYKNINGSMIDDEL E414, AROMER/AROMAER, FUKTIGHETSBEVARANDE MEDEL/MIDDEL E422, FYLLNADSMEDEL/FYLLSTOFF E341, EMULGERINGSMEDEL/EMULGATOR SOJA-/SOYALECITIN, SURHETSREGLERANDE MEDEL/SURHEDSREGULERENDE MIDDEL E500, YTBEHANDLINGSMEDEL/GLASURMIDDEL E903, ANTIOXIDANT/ANTIOKSIDANT E320, FÄRGÄMNE/FARVESTOF/FARGESTOF E133.","<div class=""ql-editor"" data-gramm=""false"" contenteditable=""true""><p><span style=""color: rgb(38, 38, 58);"">Per 100 g:</span></p><p><span style=""color: rgb(58, 58, 58);"">Energi (kcal) 147 kcal</span></p><p><span style=""color: rgb(58, 58, 58);"">Energi (kJ) 613 kJ</span></p><p><span style=""color: rgb(58, 58, 58);"">-varav mättat fett 0 g</span></p><p><span style=""color: rgb(58, 58, 58);"">Kolhydrat 61 g</span></p><p><span style=""color: rgb(58, 58, 58);"">-varav socker 61 g</span></p></div><div class=""ql-clipboard"" contenteditable=""true"" tabindex=""-1""></div><div class=""ql-tooltip ql-hidden""><a class=""ql-preview"" target=""_blank"" href=""about:blank""></a><input type=""text"" data-formula=""e=mc^2"" data-link=""https://quilljs.com"" data-video=""Embed URL""><a class=""ql-action""></a><a class=""ql-remove""></a></div>","Förvaras torrt och i rumstemperatur.","<div class=""ql-editor"" data-gramm=""false"" contenteditable=""true""><p><span style=""color: rgb(33, 37, 41);"">Livshem har ambitionen att alltid ge rätt produkt information. Förändringar i produktens innehåll kan ske över tid, kontrollera därför alltid före användning informationen på produktens förpackning.</span></p></div><div class=""ql-clipboard"" contenteditable=""true"" tabindex=""-1""></div><div class=""ql-tooltip ql-hidden""><a class=""ql-preview"" target=""_blank"" href=""about:blank""></a><input type=""text"" data-formula=""e=mc^2"" data-link=""https://quilljs.com"" data-video=""Embed URL""><a class=""ql-action""></a><a class=""ql-remove""></a></div>","","16,95","","584,48 kr/kg","","In Stock","29g","","Godis","Tuggummi"
"367","https://livsham2.softwarebyte.co/assets/images/product_image/2074.jpg","Extra Salty Licorice Wrigley's","Godis & snacks","Lager","<div class=""ql-editor"" data-gramm=""false"" contenteditable=""true""><p>Extra Salty Licorice Wrigley's</p></div><div class=""ql-clipboard"" contenteditable=""true"" tabindex=""-1""></div><div class=""ql-tooltip ql-hidden""><a class=""ql-preview"" target=""_blank"" href=""about:blank""></a><input type=""text"" data-formula=""e=mc^2"" data-link=""https://quilljs.com"" data-video=""Embed URL""><a class=""ql-action""></a><a class=""ql-remove""></a></div>","Sverige","Sötningsmedel xylitol (32,7%), sorbitol, mannitol, aspartam, acesulfam K; gummibas, aromer, förtjockningsmedel E414, fuktighetsbevarande medel E422, emulgeringsmedel SOJALECITIN, ytbehandlingsmedel E903, antioxidant E320.","<div class=""ql-editor"" data-gramm=""false"" contenteditable=""true""><p><span style=""color: rgb(38, 38, 58);"">Per 100 g:</span></p><p><span style=""color: rgb(38, 38, 58);"">Energi 633 kJ/152 kcal</span></p><p><span style=""color: rgb(38, 38, 58);"">Fett 0 g</span></p><p><span style=""color: rgb(38, 38, 58);"">-varav mättat fett 0 g</span></p><p><span style=""color: rgb(38, 38, 58);"">Kolhydrat 63 g</span></p><p><span style=""color: rgb(38, 38, 58);"">-varav sockerarter 0 g</span></p><p><span style=""color: rgb(38, 38, 58);"">-varav polyoler 63 g</span></p><p><span style=""color: rgb(38, 38, 58);"">Protein 0 g</span></p><p><span style=""color: rgb(38, 38, 58);"">Salt 0 g</span></p></div><div class=""ql-clipboard"" contenteditable=""true"" tabindex=""-1""></div><div class=""ql-tooltip ql-hidden""><a class=""ql-preview"" target=""_blank"" href=""about:blank""></a><input type=""text"" data-formula=""e=mc^2"" data-link=""https://quilljs.com"" data-video=""Embed URL""><a class=""ql-action""></a><a class=""ql-remove""></a></div>","Förvaras torrt och i rumstemperatur.","<div class=""ql-editor"" data-gramm=""false"" contenteditable=""true""><p><span style=""color: rgb(33, 37, 41);"">Livshem har ambitionen att alltid ge rätt produkt information. Förändringar i produktens innehåll kan ske över tid, kontrollera därför alltid före användning informationen på produktens förpackning.</span></p></div><div class=""ql-clipboard"" contenteditable=""true"" tabindex=""-1""></div><div class=""ql-tooltip ql-hidden""><a class=""ql-preview"" target=""_blank"" href=""about:blank""></a><input type=""text"" data-formula=""e=mc^2"" data-link=""https://quilljs.com"" data-video=""Embed URL""><a class=""ql-action""></a><a class=""ql-remove""></a></div>","","16,95","","484,29 kr/kg","","In Stock","35g","","Godis","Tuggummi"
"368","https://livsham2.softwarebyte.co/assets/images/product_image/27441.jpg","Doritos Nacho Cheese","Godis & snacks","Lager","<div class=""ql-editor"" data-gramm=""false"" contenteditable=""true""><p>Doritos Nacho Cheese</p></div><div class=""ql-clipboard"" contenteditable=""true"" tabindex=""-1""></div><div class=""ql-tooltip ql-hidden""><a class=""ql-preview"" target=""_blank"" href=""about:blank""></a><input type=""text"" data-formula=""e=mc^2"" data-link=""https://quilljs.com"" data-video=""Embed URL""><a class=""ql-action""></a><a class=""ql-remove""></a></div>","Sverige","Majs/mais, vegetabilske olier/oljor (solsikke/solros, raps, majs i varierende mængdeforhold/ proportion), ostesmag/ostsmak [maltodextrin, vallepulver/mysepulver/vasslepulver (fra/från MÆLK/MJÖLK/MELK), HVEDE-/HVETEMEL/VETEMJÖL (indeholder/ innehåller calcium/kalsium, niacin, jern/järn, thiamin/tiamin), ostepulver (fra MÆLK/MJÖLK/MELK), tomatpulver, aroma/arom (fra/från MÆLK/MJÖLK/MELK), løg- /lökpulver, KÆRNEMÆLKS-/KÄRNMJÖLKS-/KJERNEMELKSpulver, kaliumklorid, smagsforstærker/smakförstärkare (mononatriumglutamat), MÆLKE-/MJÖLK-/MELKEPROTEINER, dextrose, syre (mælkesyre/mjölksyra/melkesyre, citronsyre), farvestoffer/ färgämnen (paprikaekstrakt/paprikaoleoresin, annatto extrakt bixin, karamel/ sockerkulör), krydderi/kryddor, sukker/socker, SKUMMETMÆLKS-/SKUMMJÖLK-/SKUMMETMELKSPULVER), salt. PRODUKTET KAN INDEHOLDE/INNEHÅLLA SOYA.","<div class=""ql-editor"" data-gramm=""false"" contenteditable=""true""><p><span style=""color: rgb(38, 38, 58);"">Per 100 g:</span></p><p><span style=""color: rgb(38, 38, 58);"">Energi 2092 kJ/501 kcal</span></p><p><span style=""color: rgb(38, 38, 58);"">Fett 26 g</span></p><p><span style=""color: rgb(38, 38, 58);"">-varav mättat fett 2.8 g</span></p><p><span style=""color: rgb(38, 38, 58);"">Kolhydrat 58 g</span></p><p><span style=""color: rgb(38, 38, 58);"">-varav sockerarter 2.7 g</span></p><p><span style=""color: rgb(38, 38, 58);"">Fiber 5.6 g</span></p><p><span style=""color: rgb(38, 38, 58);"">Protein 6.5 g</span></p><p><span style=""color: rgb(38, 38, 58);"">Salt 1.2 g</span></p></div><div class=""ql-clipboard"" contenteditable=""true"" tabindex=""-1""></div><div class=""ql-tooltip ql-hidden""><a class=""ql-preview"" target=""_blank"" href=""about:blank""></a><input type=""text"" data-formula=""e=mc^2"" data-link=""https://quilljs.com"" data-video=""Embed URL""><a class=""ql-action""></a><a class=""ql-remove""></a></div>","Förvaras torrt och i rumstemperatur.","<div class=""ql-editor"" data-gramm=""false"" contenteditable=""true""><p><span style=""color: rgb(33, 37, 41);"">Livshem har ambitionen att alltid ge rätt produkt information. Förändringar i produktens innehåll kan ske över tid, kontrollera därför alltid före användning informationen på produktens förpackning.</span></p></div><div class=""ql-clipboard"" contenteditable=""true"" tabindex=""-1""></div><div class=""ql-tooltip ql-hidden""><a class=""ql-preview"" target=""_blank"" href=""about:blank""></a><input type=""text"" data-formula=""e=mc^2"" data-link=""https://quilljs.com"" data-video=""Embed URL""><a class=""ql-action""></a><a class=""ql-remove""></a></div>","","27,95","","164,41 kr/kg","","In Stock","170g","","Chips","Chips"
"369","https://livsham2.softwarebyte.co/assets/images/product_image/96121.jpg","Doritos Sweet Chili Peppar","Godis & snacks","Lager","<div class=""ql-editor"" data-gramm=""false"" contenteditable=""true""><p>Doritos Sweet Chili Peppar</p></div><div class=""ql-clipboard"" contenteditable=""true"" tabindex=""-1""></div><div class=""ql-tooltip ql-hidden""><a class=""ql-preview"" target=""_blank"" href=""about:blank""></a><input type=""text"" data-formula=""e=mc^2"" data-link=""https://quilljs.com"" data-video=""Embed URL""><a class=""ql-action""></a><a class=""ql-remove""></a></div>","Sverige","66% majs, 18% solsikkeolie/solrosolja, 5% rapsolie/ rapsolie/ rapsolje/rapsolja, fruktose, (indeholder HVEDE/VETE/HVETE og SOJA/SOYA), smagsforstærkere/ smakförstärkare (mono-natriumglutamat, dinatrium-5’-ribonukleotider), surhedsreglulerende midler/ surhetsreglerande medel (natrium-løg-/lökpulver, hydrolyseret SOJA protein/ hydrolysert SOYAPROTEIN, SOJA/SOYA, hvidløgs-/vitlökspulver, HVEDE/VETE/HVETE, farvestoffer/ färgämnen/fargestoffer (paprika ekstrakter/paprikaoleoreisin, rødbedefarve/rödbetsrött/røtbetfarge), chiliekstrakter, salt .","<div class=""ql-editor"" data-gramm=""false"" contenteditable=""true""><p><span style=""color: rgb(38, 38, 58);"">Per 100 g:</span></p><p><span style=""color: rgb(38, 38, 58);"">Energi 2120 kJ/ 510 kcal</span></p><p><span style=""color: rgb(38, 38, 58);"">Fett 26 g</span></p><p><span style=""color: rgb(38, 38, 58);"">- Varav mättat fett 2.1 g</span></p><p><span style=""color: rgb(38, 38, 58);"">- Varav enkelomättat fett 21 g</span></p><p><span style=""color: rgb(38, 38, 58);"">- Varav fleromättat fett 3 g</span></p><p><span style=""color: rgb(38, 38, 58);"">Kolhydrat 58 g</span></p><p><span style=""color: rgb(38, 38, 58);"">- Varav sockerarter 3 g</span></p><p><span style=""color: rgb(38, 38, 58);"">Fiber 5 g</span></p><p><span style=""color: rgb(38, 38, 58);"">Protein 7.5 g</span></p></div><div class=""ql-clipboard"" contenteditable=""true"" tabindex=""-1""></div><div class=""ql-tooltip ql-hidden""><a class=""ql-preview"" target=""_blank"" href=""about:blank""></a><input type=""text"" data-formula=""e=mc^2"" data-link=""https://quilljs.com"" data-video=""Embed URL""><a class=""ql-action""></a><a class=""ql-remove""></a></div>","Förvaras torrt och i rumstemperatur.","<div class=""ql-editor"" data-gramm=""false"" contenteditable=""true""><p><span style=""color: rgb(33, 37, 41);"">Livshem har ambitionen att alltid ge rätt produkt information. Förändringar i produktens innehåll kan ske över tid, kontrollera därför alltid före användning informationen på produktens förpackning.</span></p></div><div class=""ql-clipboard"" contenteditable=""true"" tabindex=""-1""></div><div class=""ql-tooltip ql-hidden""><a class=""ql-preview"" target=""_blank"" href=""about:blank""></a><input type=""text"" data-formula=""e=mc^2"" data-link=""https://quilljs.com"" data-video=""Embed URL""><a class=""ql-action""></a><a class=""ql-remove""></a></div>","","27,95","","164,41 kr/kg","","In Stock","170g","","Chips","Chips"
"370","https://livsham2.softwarebyte.co/assets/images/product_image/93246.jpg","Pringles Sourcream & Onion Chips","Godis & snacks","Lager","<div class=""ql-editor"" data-gramm=""false"" contenteditable=""true""><p><span style=""color: rgb(38, 38, 58);"">En god twist på klassiska snacks – Pringles Sour Cream &amp; Onion-chips är ett perfekt sätt att liva upp snacksen. Pringles Sour Cream &amp; Onion-chips har en tydlig smak som garanterat kommer att stilla även de mest intensiva begär. De här ljuvliga chipsen är perfekta för alla typer av fester eller som ett snabbt snacks under eftermiddagen eller framför tv:n på kvällen. Tack vare vår klassiska återförslutningsbara förpackning är Pringles Sour Cream &amp; Onion-chips alltid fräscha – oavsett när du väljer att äta dem. Pop, Play, Eat med Pringles Sour Cream &amp; Onion-chips.</span></p></div><div class=""ql-clipboard"" contenteditable=""true"" tabindex=""-1""></div><div class=""ql-tooltip ql-hidden""><a class=""ql-preview"" target=""_blank"" href=""about:blank""></a><input type=""text"" data-formula=""e=mc^2"" data-link=""https://quilljs.com"" data-video=""Embed URL""><a class=""ql-action""></a><a class=""ql-remove""></a></div>","Sverige","Vakuumtorkad potatis, solrosolja, VETEMJÖL, majsmjöl, rismjöl, gräddfil- och lökkryddblandning (lökpulver, VETESTÄRKELSE, MALTODEXTRIN, smakförstärkare {mononatriumglutamat, dinatriumguanylat, dinatriuminosinat}, druvsocker, solrosolja, salt, aromer {MJÖLK}, socker, gräddfilspulver {MJÖLK}, modifierad majsstärkelse, sött VASSLEPULVER {MJÖLK}, glukossirap, syror {citronsyra, mjölksyra, äppelsyra}, MJÖLKPROTEINER), MALTODEXTRIN, emulgeringsmedel (E471), salt, färgämne (annattoextrakt norbixin).","<div class=""ql-editor"" data-gramm=""false"" contenteditable=""true""><p><span style=""color: rgb(38, 38, 58);"">Per 100 g:</span></p><p><span style=""color: rgb(38, 38, 58);"">Energi 2191 kJ/525 kcal</span></p><p><span style=""color: rgb(38, 38, 58);"">Fett 30 g</span></p><p><span style=""color: rgb(38, 38, 58);"">-varav mättat fett 2.8 g</span></p><p><span style=""color: rgb(38, 38, 58);"">Kolhydrat 56 g</span></p><p><span style=""color: rgb(38, 38, 58);"">-varav sockerarter 2.5 g</span></p><p><span style=""color: rgb(38, 38, 58);"">Fiber 3.4 g</span></p><p><span style=""color: rgb(38, 38, 58);"">Protein 6 g</span></p><p><span style=""color: rgb(38, 38, 58);"">Salt 1.3 g</span></p></div><div class=""ql-clipboard"" contenteditable=""true"" tabindex=""-1""></div><div class=""ql-tooltip ql-hidden""><a class=""ql-preview"" target=""_blank"" href=""about:blank""></a><input type=""text"" data-formula=""e=mc^2"" data-link=""https://quilljs.com"" data-video=""Embed URL""><a class=""ql-action""></a><a class=""ql-remove""></a></div>","Förvaras torrt och i rumstemperatur.","<div class=""ql-editor"" data-gramm=""false"" contenteditable=""true""><p><span style=""color: rgb(33, 37, 41);"">Livshem har ambitionen att alltid ge rätt produkt information. Förändringar i produktens innehåll kan ske över tid, kontrollera därför alltid före användning informationen på produktens förpackning.</span></p></div><div class=""ql-clipboard"" contenteditable=""true"" tabindex=""-1""></div><div class=""ql-tooltip ql-hidden""><a class=""ql-preview"" target=""_blank"" href=""about:blank""></a><input type=""text"" data-formula=""e=mc^2"" data-link=""https://quilljs.com"" data-video=""Embed URL""><a class=""ql-action""></a><a class=""ql-remove""></a></div>","","35,95","","179,75 kr/kg","","In Stock","200g","","Chips","Chips"
"371","https://livsham2.softwarebyte.co/assets/images/product_image/38028.jpg","Pringles Paprika Chips","Godis & snacks","Lager","<div class=""ql-editor"" data-gramm=""false"" contenteditable=""true""><p><span style=""color: rgb(58, 58, 58);"">En god twist på klassiska snacks – Pringles Paprika-chips är ett perfekt sätt att liva upp snacksen. Pringles Paprika-chips har en tydlig smak som garanterat kommer att stilla även de mest intensiva begär. De här ljuvliga chipsen är perfekta för alla typer av fester eller som ett snabbt snacks under eftermiddagen eller framför tv:n på kvällen. Tack vare vår klassiska återförslutningsbara förpackning är Pringles Paprika-chips alltid fräscha – oavsett när du väljer att äta dem. Pop, Play, Eat med Pringles Paprika-chips.</span></p></div><div class=""ql-clipboard"" contenteditable=""true"" tabindex=""-1""></div><div class=""ql-tooltip ql-hidden""><a class=""ql-preview"" target=""_blank"" href=""about:blank""></a><input type=""text"" data-formula=""e=mc^2"" data-link=""https://quilljs.com"" data-video=""Embed URL""><a class=""ql-action""></a><a class=""ql-remove""></a></div>","Sverige","Vakuumtorkad potatis / Tørrede kartofler / Tørkede poteter, solrosolja / solsikkeolie, VETEMJÖL / HVEDEMEL / HVETEMEL, majsmjöl / majsmel, rismjöl / rismel, paprikakrydd / paprikakrydderi / -blandning (socker / sukker, paprikapulver, smakförstärkare / smagsforstærkere {mononatriumglutamat, dinatriumguanylat, dinatriuminosinat}, druvsocker / dextrose, jäst / gær / -pulver, lökpulver, salt, buljong / bouillon / -pulver {salt, hydrolyserat vegetabiliskt protein / hydrolyserte vegetabilske proteiner, solrosolja / solsikkeolie}, aromaer, vitlöks / hvidløgs / hvitløks-pulver, färgämne / farve / farge{paprikaoleoresin / -ekstrakt}, syra {citronsyra / sitronsyre}, sött vasslepulver {MJÖLK} / sød vallepulver {MÆLK} / søtt mysepulver {MELK}), maltodextrin, emulgeringsmedel / emulgator (E471), salt, färgämne / farve / fargestoff (annattoextrakt / annattoekstrakter / -norbixin).","<div class=""ql-editor"" data-gramm=""false"" contenteditable=""true""><p><span style=""color: rgb(38, 38, 58);"">Per 100 g:</span></p><p><span style=""color: rgb(38, 38, 58);"">Energi 2164 kJ/518 kcal</span></p><p><span style=""color: rgb(38, 38, 58);"">Fett 29 g</span></p><p><span style=""color: rgb(38, 38, 58);"">-varav mättat fett 2.7 g</span></p><p><span style=""color: rgb(38, 38, 58);"">Kolhydrat 56 g</span></p><p><span style=""color: rgb(38, 38, 58);"">-varav sockerarter 3.7 g</span></p><p><span style=""color: rgb(38, 38, 58);"">Fiber 3.8 g</span></p><p><span style=""color: rgb(38, 38, 58);"">Protein 6.4 g</span></p><p><span style=""color: rgb(38, 38, 58);"">Salt 1.4 g</span></p></div><div class=""ql-clipboard"" contenteditable=""true"" tabindex=""-1""></div><div class=""ql-tooltip ql-hidden""><a class=""ql-preview"" target=""_blank"" href=""about:blank""></a><input type=""text"" data-formula=""e=mc^2"" data-link=""https://quilljs.com"" data-video=""Embed URL""><a class=""ql-action""></a><a class=""ql-remove""></a></div>","Förvaras torrt och i rumstemperatur.","<div class=""ql-editor"" data-gramm=""false"" contenteditable=""true""><p>Livshem har ambitionen att alltid ge rätt produkt information. Förändringar i produktens innehåll kan ske över tid, kontrollera därför alltid före användning informationen på produktens förpackning.</p></div><div class=""ql-clipboard"" contenteditable=""true"" tabindex=""-1""></div><div class=""ql-tooltip ql-hidden""><a class=""ql-preview"" target=""_blank"" href=""about:blank""></a><input type=""text"" data-formula=""e=mc^2"" data-link=""https://quilljs.com"" data-video=""Embed URL""><a class=""ql-action""></a><a class=""ql-remove""></a></div>","","35,95","","179,75 kr/kg","","In Stock","200g","","Chips","Chips"
"372","https://livsham2.softwarebyte.co/assets/images/product_image/85851.jpg","Pringles Original Chips","Godis & snacks","Lager","<div class=""ql-editor"" data-gramm=""false"" contenteditable=""true""><p><span style=""color: rgb(58, 58, 58);"">En klassisk smak på klassiska chips – Pringles Original-chips kommer garanterat att stilla även de mest intensiva begär. De här ljuvliga chipsen är perfekta för alla typer av fester eller som ett snabbt snacks under eftermiddagen eller framför tv:n på kvällen. Tack vare vår klassiska återförslutningsbara förpackning är Pringles Original-chips alltid fräscha – oavsett när du väljer att äta dem. Pop, Play, Eat med Pringles Original-chips.</span></p></div><div class=""ql-clipboard"" contenteditable=""true"" tabindex=""-1""></div><div class=""ql-tooltip ql-hidden""><a class=""ql-preview"" target=""_blank"" href=""about:blank""></a><input type=""text"" data-formula=""e=mc^2"" data-link=""https://quilljs.com"" data-video=""Embed URL""><a class=""ql-action""></a><a class=""ql-remove""></a></div>","Sverige","Vakuumtorkad potatis / Tørrede kartofler / Tørkede poteter, vegetabiliska oljor / vegetabilske olier / vegetabilske oljer (solros / solsikke, palm / palme, mais / majs) i varierande proportion / i variabelt mængdeforhold / i varierende proporsjoner, VETEMJÖL / HVEDEMEL / HVETEMEL, majsmjöl / majsmel, rismjöl / rismel, maltodextrin, emulgeringsmedel / emulgator (E471), salt, färgämne / farve / farge (annattoextrakt / annattoekstrakter / - norbixin). Kan innehålla / Kan indeholde / Kan inneholde soja /soya.","<div class=""ql-editor"" data-gramm=""false"" contenteditable=""true""><p><span style=""color: rgb(38, 38, 58);"">Per 100 g:</span></p><p><span style=""color: rgb(38, 38, 58);"">Energi 2227 kJ/534 kcal</span></p><p><span style=""color: rgb(38, 38, 58);"">Fett 31 g</span></p><p><span style=""color: rgb(38, 38, 58);"">-varav mättat fett 2.8 g</span></p><p><span style=""color: rgb(38, 38, 58);"">Kolhydrat 56 g</span></p><p><span style=""color: rgb(38, 38, 58);"">-varav sockerarter 1.2 g</span></p><p><span style=""color: rgb(38, 38, 58);"">Fiber 3.5 g</span></p><p><span style=""color: rgb(38, 38, 58);"">Protein 5.9 g</span></p><p><span style=""color: rgb(38, 38, 58);"">Salt 1.1 g</span></p></div><div class=""ql-clipboard"" contenteditable=""true"" tabindex=""-1""></div><div class=""ql-tooltip ql-hidden""><a class=""ql-preview"" target=""_blank"" href=""about:blank""></a><input type=""text"" data-formula=""e=mc^2"" data-link=""https://quilljs.com"" data-video=""Embed URL""><a class=""ql-action""></a><a class=""ql-remove""></a></div>","Förvaras torrt och i rumstemperatur.","<div class=""ql-editor"" data-gramm=""false"" contenteditable=""true""><p>Livshem har ambitionen att alltid ge rätt produkt information. Förändringar i produktens innehåll kan ske över tid, kontrollera därför alltid före användning informationen på produktens förpackning.</p></div><div class=""ql-clipboard"" contenteditable=""true"" tabindex=""-1""></div><div class=""ql-tooltip ql-hidden""><a class=""ql-preview"" target=""_blank"" href=""about:blank""></a><input type=""text"" data-formula=""e=mc^2"" data-link=""https://quilljs.com"" data-video=""Embed URL""><a class=""ql-action""></a><a class=""ql-remove""></a></div>","","35,95","","179,75 kr/kg","","In Stock","200g","","Chips","Chips"
"373","https://livsham2.softwarebyte.co/assets/images/product_image/62495.jpg","Pringles Cheese & Onion Chips","Godis & snacks","Lager","<div class=""ql-editor"" data-gramm=""false"" contenteditable=""true""><p><span style=""color: rgb(58, 58, 58);"">En god twist på klassiska snacks – Pringles Cheese &amp; Onion-chips är ett perfekt sätt att liva upp snacksen. Pringles Cheese &amp; Onion-chips har en tydlig smak som garanterat kommer att stilla även de mest intensiva begär. De här ljuvliga chipsen är perfekta för alla typer av fester eller som ett snabbt snacks under eftermiddagen eller framför tv:n på kvällen. Tack vare vår klassiska återförslutningsbara förpackning är Pringles Cheese &amp; Onion-chips alltid fräscha – oavsett när du väljer att äta dem. Pop, Play, Eat med Pringles Cheese &amp; Onion-chips</span></p></div><div class=""ql-clipboard"" contenteditable=""true"" tabindex=""-1""></div><div class=""ql-tooltip ql-hidden""><a class=""ql-preview"" target=""_blank"" href=""about:blank""></a><input type=""text"" data-formula=""e=mc^2"" data-link=""https://quilljs.com"" data-video=""Embed URL""><a class=""ql-action""></a><a class=""ql-remove""></a></div>","Sverige","Vakuumtorkad potatis / Tørrede kartofler / Tørkede poteter, solrosolja / solsikkeolie, VETEMJÖL / HVEDEMEL / HVETEMEL, majsmjöl / majsmel, rismjöl / rismel, ost- & lökkryddblandning / ost- og løgkrydderiblanding (lökpulver, druvsocker / dextrose, maltodextrin, glukossirap / glukosesirup, smakförstärkare / smagforstærkere {mononatriumglutamat, dinatriumguanylat, dinatriuminosinat}, modifierad majsstärkelse / modificeret / modifisert / -majsstivelse , salt, jäst / gær / -ekstrakt, aromaer, laktos {MJÖLK / MÆLK / MELK}, buljong / bouillon / -pulver {salt, hydrolyserat vegetabiliskt protein / hydrolyserte vegetabilske proteiner, solrosolja / solsikkeolie} , ostpulver {MJÖLK / MÆLK / MELK}, syror {mjölksyra / mælkesyre, citronsyra / sitronsyre}), maltodextrin, emulgeringsmedel / emulgator (E471), salt, färgämne / farve / fargestoff (annattoextrakt / annattoekstrakter / - norbixin).","<div class=""ql-editor"" data-gramm=""false"" contenteditable=""true""><p><span style=""color: rgb(38, 38, 58);"">Per 100 g:</span></p><p><span style=""color: rgb(38, 38, 58);"">Energi 2157 kJ/516 kcal</span></p><p><span style=""color: rgb(38, 38, 58);"">Fett 29 g</span></p><p><span style=""color: rgb(38, 38, 58);"">-varav mättat fett 2.7 g</span></p><p><span style=""color: rgb(38, 38, 58);"">Kolhydrat 56 g</span></p><p><span style=""color: rgb(38, 38, 58);"">-varav sockerarter 2.7 g</span></p><p><span style=""color: rgb(38, 38, 58);"">Fiber 3.5 g</span></p><p><span style=""color: rgb(38, 38, 58);"">Protein 6.1 g</span></p><p><span style=""color: rgb(38, 38, 58);"">Salt 1.4 g</span></p></div><div class=""ql-clipboard"" contenteditable=""true"" tabindex=""-1""></div><div class=""ql-tooltip ql-hidden""><a class=""ql-preview"" target=""_blank"" href=""about:blank""></a><input type=""text"" data-formula=""e=mc^2"" data-link=""https://quilljs.com"" data-video=""Embed URL""><a class=""ql-action""></a><a class=""ql-remove""></a></div>","Förvaras torrt och i rumstemperatur.","<div class=""ql-editor"" data-gramm=""false"" contenteditable=""true""><p>Livshem har ambitionen att alltid ge rätt produkt information. Förändringar i produktens innehåll kan ske över tid, kontrollera därför alltid före användning informationen på produktens förpackning.</p></div><div class=""ql-clipboard"" contenteditable=""true"" tabindex=""-1""></div><div class=""ql-tooltip ql-hidden""><a class=""ql-preview"" target=""_blank"" href=""about:blank""></a><input type=""text"" data-formula=""e=mc^2"" data-link=""https://quilljs.com"" data-video=""Embed URL""><a class=""ql-action""></a><a class=""ql-remove""></a></div>","","35,95","","179,75 kr/kg","","In Stock","200g","","Chips","Chips"
"374","https://livsham2.softwarebyte.co/assets/images/product_image/11909.jpg","Valnötter Naturella Eldorado","Godis & snacks","Lager","<div class=""ql-editor"" data-gramm=""false"" contenteditable=""true""><p>Valnötter Naturella Eldorado</p></div><div class=""ql-clipboard"" contenteditable=""true"" tabindex=""-1""></div><div class=""ql-tooltip ql-hidden""><a class=""ql-preview"" target=""_blank"" href=""about:blank""></a><input type=""text"" data-formula=""e=mc^2"" data-link=""https://quilljs.com"" data-video=""Embed URL""><a class=""ql-action""></a><a class=""ql-remove""></a></div>","Sverige","VALNÖTTER. Kan innehålla spår av JORDNÖT, MANDEL, HASSELNÖT, MACADAMIANÖT, CASHEWNÖT, PARANÖT, PEKANNÖT, samt PISTASCHNÖT. Ursprung USA, Chile.","<div class=""ql-editor"" data-gramm=""false"" contenteditable=""true""><p><span style=""color: rgb(38, 38, 58);"">Per 100 g:</span></p><p><span style=""color: rgb(38, 38, 58);"">Energi 2833 kJ/686 kcal</span></p><p><span style=""color: rgb(38, 38, 58);"">Fett 65 g</span></p><p><span style=""color: rgb(38, 38, 58);"">-varav mättat fett 6.1 g</span></p><p><span style=""color: rgb(38, 38, 58);"">Kolhydrat 7 g</span></p><p><span style=""color: rgb(38, 38, 58);"">-varav sockerarter 2.6 g</span></p><p><span style=""color: rgb(38, 38, 58);"">Fiber 6.7 g</span></p><p><span style=""color: rgb(38, 38, 58);"">Protein 15 g</span></p><p><span style=""color: rgb(38, 38, 58);"">Salt 0 g</span></p></div><div class=""ql-clipboard"" contenteditable=""true"" tabindex=""-1""></div><div class=""ql-tooltip ql-hidden""><a class=""ql-preview"" target=""_blank"" href=""about:blank""></a><input type=""text"" data-formula=""e=mc^2"" data-link=""https://quilljs.com"" data-video=""Embed URL""><a class=""ql-action""></a><a class=""ql-remove""></a></div>","Förvaras torrt och i rumstemperatur.","<div class=""ql-editor"" data-gramm=""false"" contenteditable=""true""><p>Livshem har ambitionen att alltid ge rätt produkt information. Förändringar i produktens innehåll kan ske över tid, kontrollera därför alltid före användning informationen på produktens förpackning.</p></div><div class=""ql-clipboard"" contenteditable=""true"" tabindex=""-1""></div><div class=""ql-tooltip ql-hidden""><a class=""ql-preview"" target=""_blank"" href=""about:blank""></a><input type=""text"" data-formula=""e=mc^2"" data-link=""https://quilljs.com"" data-video=""Embed URL""><a class=""ql-action""></a><a class=""ql-remove""></a></div>","","69,95","","174,88 kr/kg","","In Stock","400g","","Snacks","Nötter"
"375","https://livsham2.softwarebyte.co/assets/images/product_image/79505.jpg","Nötmix Rostade Saltade Garant","Godis & snacks","Lager","<div class=""ql-editor"" data-gramm=""false"" contenteditable=""true""><p>Nötmix Rostade Saltade Garant</p></div><div class=""ql-clipboard"" contenteditable=""true"" tabindex=""-1""></div><div class=""ql-tooltip ql-hidden""><a class=""ql-preview"" target=""_blank"" href=""about:blank""></a><input type=""text"" data-formula=""e=mc^2"" data-link=""https://quilljs.com"" data-video=""Embed URL""><a class=""ql-action""></a><a class=""ql-remove""></a></div>","Sverige","MANDEL 35%, JORDNÖT 30%, CASHEWNÖT 23%, HASSELNÖT 6%, PISTASCHNÖT 5%, SALT 1,4%. Kan innehålla spår av SOJA, VALNÖT, PEKANNÖT, PARANÖT, MACADAMIANÖT och SESAM. Ursprung MANDEL: USA, Australien. Ursprung JORDNÖT, CASHEW, PISTASCH: Icke-EU. Ursprung HASSELNÖT: EU/icke-EU.","<div class=""ql-editor"" data-gramm=""false"" contenteditable=""true""><p><span style=""color: rgb(38, 38, 58);"">Per 100 g:</span></p><p><span style=""color: rgb(38, 38, 58);"">Energi 2510 kJ/606 kcal</span></p><p><span style=""color: rgb(38, 38, 58);"">Fett 50 g</span></p><p><span style=""color: rgb(38, 38, 58);"">-varav mättat fett 6.4 g</span></p><p><span style=""color: rgb(38, 38, 58);"">Kolhydrat 15 g</span></p><p><span style=""color: rgb(38, 38, 58);"">-varav sockerarter 5 g</span></p><p><span style=""color: rgb(38, 38, 58);"">Fiber 8.1 g</span></p><p><span style=""color: rgb(38, 38, 58);"">Protein 20 g</span></p><p><span style=""color: rgb(38, 38, 58);"">Salt 1.4 g</span></p></div><div class=""ql-clipboard"" contenteditable=""true"" tabindex=""-1""></div><div class=""ql-tooltip ql-hidden""><a class=""ql-preview"" target=""_blank"" href=""about:blank""></a><input type=""text"" data-formula=""e=mc^2"" data-link=""https://quilljs.com"" data-video=""Embed URL""><a class=""ql-action""></a><a class=""ql-remove""></a></div>","Förvaras torrt och i rumstemperatur.","<div class=""ql-editor"" data-gramm=""false"" contenteditable=""true""><p>Livshem har ambitionen att alltid ge rätt produkt information. Förändringar i produktens innehåll kan ske över tid, kontrollera därför alltid före användning informationen på produktens förpackning.</p></div><div class=""ql-clipboard"" contenteditable=""true"" tabindex=""-1""></div><div class=""ql-tooltip ql-hidden""><a class=""ql-preview"" target=""_blank"" href=""about:blank""></a><input type=""text"" data-formula=""e=mc^2"" data-link=""https://quilljs.com"" data-video=""Embed URL""><a class=""ql-action""></a><a class=""ql-remove""></a></div>","","18,95","","270,71 kr/kg","","In Stock","70g","","Snacks","Nötter"
"376","https://livsham2.softwarebyte.co/assets/images/product_image/93938.jpg","Cashew Naturell Eldorado","Godis & snacks","Lager","<div class=""ql-editor"" data-gramm=""false"" contenteditable=""true""><p>Cashew Naturell Eldorado</p></div><div class=""ql-clipboard"" contenteditable=""true"" tabindex=""-1""></div><div class=""ql-tooltip ql-hidden""><a class=""ql-preview"" target=""_blank"" href=""about:blank""></a><input type=""text"" data-formula=""e=mc^2"" data-link=""https://quilljs.com"" data-video=""Embed URL""><a class=""ql-action""></a><a class=""ql-remove""></a></div>","Italien","CASHEWNÖTTER. Kan innehålla spår av JORDNÖT, SOJA, MANDEL, HASSELNÖT, VALNÖT, MACADAMIANÖT, PARANÖT, PEKANNÖT, PISTASCHNÖT och SESAM.","<div class=""ql-editor"" data-gramm=""false"" contenteditable=""true""><p><span style=""color: rgb(38, 38, 58);"">Per 100 g:</span></p><p><span style=""color: rgb(38, 38, 58);"">Energi 2419 kJ/583 kcal</span></p><p><span style=""color: rgb(38, 38, 58);"">Fett 44 g</span></p><p><span style=""color: rgb(38, 38, 58);"">-varav mättat fett 7.8 g</span></p><p><span style=""color: rgb(38, 38, 58);"">Kolhydrat 27 g</span></p><p><span style=""color: rgb(38, 38, 58);"">-varav sockerarter 5.9 g</span></p><p><span style=""color: rgb(38, 38, 58);"">Fiber 3.3 g</span></p><p><span style=""color: rgb(38, 38, 58);"">Protein 18 g</span></p><p><span style=""color: rgb(38, 38, 58);"">Salt 0.03 g</span></p></div><div class=""ql-clipboard"" contenteditable=""true"" tabindex=""-1""></div><div class=""ql-tooltip ql-hidden""><a class=""ql-preview"" target=""_blank"" href=""about:blank""></a><input type=""text"" data-formula=""e=mc^2"" data-link=""https://quilljs.com"" data-video=""Embed URL""><a class=""ql-action""></a><a class=""ql-remove""></a></div>","Förvaras torrt och i rumstemperatur.","<div class=""ql-editor"" data-gramm=""false"" contenteditable=""true""><p>Livshem har ambitionen att alltid ge rätt produkt information. Förändringar i produktens innehåll kan ske över tid, kontrollera därför alltid före användning informationen på produktens förpackning.</p></div><div class=""ql-clipboard"" contenteditable=""true"" tabindex=""-1""></div><div class=""ql-tooltip ql-hidden""><a class=""ql-preview"" target=""_blank"" href=""about:blank""></a><input type=""text"" data-formula=""e=mc^2"" data-link=""https://quilljs.com"" data-video=""Embed URL""><a class=""ql-action""></a><a class=""ql-remove""></a></div>","","71,95","","179,88 kr/kg","","In Stock","400g","","Snacks","Nötter"
"377","https://livsham2.softwarebyte.co/assets/images/product_image/63322.jpg","Salta Pinnar Garant","Godis & snacks","Lager","<div class=""ql-editor"" data-gramm=""false"" contenteditable=""true""><p>Salta Pinnar Garant</p></div><div class=""ql-clipboard"" contenteditable=""true"" tabindex=""-1""></div><div class=""ql-tooltip ql-hidden""><a class=""ql-preview"" target=""_blank"" href=""about:blank""></a><input type=""text"" data-formula=""e=mc^2"" data-link=""https://quilljs.com"" data-video=""Embed URL""><a class=""ql-action""></a><a class=""ql-remove""></a></div>","EU","VETEMJÖL, rapsolja, salt, havssalt 1,3%, surhetsreglerande medel (E524), MALTEXTRAKT (av KORN), jäst. Kan innehålla spår av SESAM.","<div class=""ql-editor"" data-gramm=""false"" contenteditable=""true""><p><span style=""color: rgb(38, 38, 58);"">Per 100 g:</span></p><p><span style=""color: rgb(38, 38, 58);"">Energi 1659 kJ/393 kcal</span></p><p><span style=""color: rgb(38, 38, 58);"">Fett 5.8 g</span></p><p><span style=""color: rgb(38, 38, 58);"">-varav mättat fett 0.4 g</span></p><p><span style=""color: rgb(38, 38, 58);"">Kolhydrat 71 g</span></p><p><span style=""color: rgb(38, 38, 58);"">-varav sockerarter 3 g</span></p><p><span style=""color: rgb(38, 38, 58);"">Fiber 4.2 g</span></p><p><span style=""color: rgb(38, 38, 58);"">Protein 12 g</span></p><p><span style=""color: rgb(38, 38, 58);"">Salt 4.4 g</span></p></div><div class=""ql-clipboard"" contenteditable=""true"" tabindex=""-1""></div><div class=""ql-tooltip ql-hidden""><a class=""ql-preview"" target=""_blank"" href=""about:blank""></a><input type=""text"" data-formula=""e=mc^2"" data-link=""https://quilljs.com"" data-video=""Embed URL""><a class=""ql-action""></a><a class=""ql-remove""></a></div>","Förvaras torrt och i rumstemperatur.","<div class=""ql-editor"" data-gramm=""false"" contenteditable=""true""><p>Livshem har ambitionen att alltid ge rätt produkt information. Förändringar i produktens innehåll kan ske över tid, kontrollera därför alltid före användning informationen på produktens förpackning.</p></div><div class=""ql-clipboard"" contenteditable=""true"" tabindex=""-1""></div><div class=""ql-tooltip ql-hidden""><a class=""ql-preview"" target=""_blank"" href=""about:blank""></a><input type=""text"" data-formula=""e=mc^2"" data-link=""https://quilljs.com"" data-video=""Embed URL""><a class=""ql-action""></a><a class=""ql-remove""></a></div>","","22,95","","91,80 kr/kg","","In Stock","250g","","Snacks","Popcorn & Salta Pinnar"
"378","https://livsham2.softwarebyte.co/assets/images/product_image/31445.jpg","Popcorn Opoppade Bonnie Lee","Godis & snacks","Lager","<div class=""ql-editor"" data-gramm=""false"" contenteditable=""true""><p>Popcorn Opoppade Bonnie Lee</p></div><div class=""ql-clipboard"" contenteditable=""true"" tabindex=""-1""></div><div class=""ql-tooltip ql-hidden""><a class=""ql-preview"" target=""_blank"" href=""about:blank""></a><input type=""text"" data-formula=""e=mc^2"" data-link=""https://quilljs.com"" data-video=""Embed URL""><a class=""ql-action""></a><a class=""ql-remove""></a></div>","England","Producerad i en fabrik som hanterar MJÖLK, andra NÖTTER, SOJA, JORDNÖTTER och VETE.","<div class=""ql-editor"" data-gramm=""false"" contenteditable=""true""><p><span style=""color: rgb(38, 38, 58);"">Per 100 g:</span></p><p><span style=""color: rgb(38, 38, 58);"">Energi 1500 kJ/360 kcal</span></p><p><span style=""color: rgb(38, 38, 58);"">Fett 4 g</span></p><p><span style=""color: rgb(38, 38, 58);"">-varav mättat fett 0.5 g</span></p><p><span style=""color: rgb(38, 38, 58);"">Kolhydrat 70 g</span></p><p><span style=""color: rgb(38, 38, 58);"">-varav sockerarter 2 g</span></p><p><span style=""color: rgb(38, 38, 58);"">Fiber 13 g</span></p><p><span style=""color: rgb(38, 38, 58);"">Protein 10 g</span></p><p><span style=""color: rgb(38, 38, 58);"">Salt 0 g</span></p></div><div class=""ql-clipboard"" contenteditable=""true"" tabindex=""-1""></div><div class=""ql-tooltip ql-hidden""><a class=""ql-preview"" target=""_blank"" href=""about:blank""></a><input type=""text"" data-formula=""e=mc^2"" data-link=""https://quilljs.com"" data-video=""Embed URL""><a class=""ql-action""></a><a class=""ql-remove""></a></div>","Förvaras torrt och i rumstemperatur.","<div class=""ql-editor"" data-gramm=""false"" contenteditable=""true""><p>Livshem har ambitionen att alltid ge rätt produkt information. Förändringar i produktens innehåll kan ske över tid, kontrollera därför alltid före användning informationen på produktens förpackning.</p></div><div class=""ql-clipboard"" contenteditable=""true"" tabindex=""-1""></div><div class=""ql-tooltip ql-hidden""><a class=""ql-preview"" target=""_blank"" href=""about:blank""></a><input type=""text"" data-formula=""e=mc^2"" data-link=""https://quilljs.com"" data-video=""Embed URL""><a class=""ql-action""></a><a class=""ql-remove""></a></div>","","26,95","","53,90 kr/kg","","In Stock","500g","","Snacks","Popcorn & Salta Pinnar"
"379","https://livsham2.softwarebyte.co/assets/images/product_image/15167.jpg","Mikropopcorn Extra Stora Smör Garant","Godis & snacks","Lager","<div class=""ql-editor"" data-gramm=""false"" contenteditable=""true""><p><span style=""color: rgb(65, 66, 65);"">Extrastora smör popcorn. 3-pack.</span></p></div><div class=""ql-clipboard"" contenteditable=""true"" tabindex=""-1""></div><div class=""ql-tooltip ql-hidden""><a class=""ql-preview"" target=""_blank"" href=""about:blank""></a><input type=""text"" data-formula=""e=mc^2"" data-link=""https://quilljs.com"" data-video=""Embed URL""><a class=""ql-action""></a><a class=""ql-remove""></a></div>","Sverige","Majskorn 83%, solros- och salolja, salt, koncentrerat SMÖR 0,4%, naturlig arom, emulgeringsmedel (solroslecitin), färgämne (karotener). Ursprung majs: Frankrike, Sydafrika.","<div class=""ql-editor"" data-gramm=""false"" contenteditable=""true""><p><span style=""color: rgb(38, 38, 58);"">Per 100 g:</span></p><p><span style=""color: rgb(38, 38, 58);"">Energi 1672 kJ/399 kcal</span></p><p><span style=""color: rgb(38, 38, 58);"">Fett 17 g</span></p><p><span style=""color: rgb(38, 38, 58);"">-varav mättat fett 5.3 g</span></p><p><span style=""color: rgb(38, 38, 58);"">Kolhydrat 49 g</span></p><p><span style=""color: rgb(38, 38, 58);"">-varav sockerarter 1.1 g</span></p><p><span style=""color: rgb(38, 38, 58);"">Fiber 8.4 g</span></p><p><span style=""color: rgb(38, 38, 58);"">Protein 8.2 g</span></p><p><span style=""color: rgb(38, 38, 58);"">Salt 1.9 g</span></p></div><div class=""ql-clipboard"" contenteditable=""true"" tabindex=""-1""></div><div class=""ql-tooltip ql-hidden""><a class=""ql-preview"" target=""_blank"" href=""about:blank""></a><input type=""text"" data-formula=""e=mc^2"" data-link=""https://quilljs.com"" data-video=""Embed URL""><a class=""ql-action""></a><a class=""ql-remove""></a></div>","Förvaras torrt och i rumstemperatur.","<div class=""ql-editor"" data-gramm=""false"" contenteditable=""true""><p>Livshem har ambitionen att alltid ge rätt produkt information. Förändringar i produktens innehåll kan ske över tid, kontrollera därför alltid före användning informationen på produktens förpackning.</p></div><div class=""ql-clipboard"" contenteditable=""true"" tabindex=""-1""></div><div class=""ql-tooltip ql-hidden""><a class=""ql-preview"" target=""_blank"" href=""about:blank""></a><input type=""text"" data-formula=""e=mc^2"" data-link=""https://quilljs.com"" data-video=""Embed URL""><a class=""ql-action""></a><a class=""ql-remove""></a></div>","","23,95","","88,70 kr/kg","","In Stock","270g","","Snacks","Popcorn & Salta Pinnar"
"380","https://livsham2.softwarebyte.co/assets/images/product_image/92007.jpg","Saltade Mikropopcorn Garant","Godis & snacks","Lager","<div class=""ql-editor"" data-gramm=""false"" contenteditable=""true""><p><span style=""color: rgb(65, 66, 65);"">Bra att veta Det finns olika sorters majskorn, som efter poppning varierar i utseende. Denna påse innehåller Butterfly-majskorn som ofta vänds ut-och-in vid poppningen och får en oregelbunden form. Majskorn är en råvara och därför kan variation i storlek och form förekomma efter poppning.</span></p></div><div class=""ql-clipboard"" contenteditable=""true"" tabindex=""-1""></div><div class=""ql-tooltip ql-hidden""><a class=""ql-preview"" target=""_blank"" href=""about:blank""></a><input type=""text"" data-formula=""e=mc^2"" data-link=""https://quilljs.com"" data-video=""Embed URL""><a class=""ql-action""></a><a class=""ql-remove""></a></div>","Sverige","Majskorn 84%, solrosolja, salt 2%, emulgeringsmedel (mono- och diglycerider av fettsyror), antioxidationsmedel (rosmarinextrakt).","<div class=""ql-editor"" data-gramm=""false"" contenteditable=""true""><p><span style=""color: rgb(38, 38, 58);"">Per 100 g:</span></p><p><span style=""color: rgb(38, 38, 58);"">Energi 1540 kJ/369 kcal</span></p><p><span style=""color: rgb(38, 38, 58);"">Fett 17 g</span></p><p><span style=""color: rgb(38, 38, 58);"">-varav mättat fett 4.3 g</span></p><p><span style=""color: rgb(38, 38, 58);"">Kolhydrat 41 g</span></p><p><span style=""color: rgb(38, 38, 58);"">-varav sockerarter 0.4 g</span></p><p><span style=""color: rgb(38, 38, 58);"">Fiber 10 g</span></p><p><span style=""color: rgb(38, 38, 58);"">Protein 7.9 g</span></p><p><span style=""color: rgb(38, 38, 58);"">Salt 2 g</span></p></div><div class=""ql-clipboard"" contenteditable=""true"" tabindex=""-1""></div><div class=""ql-tooltip ql-hidden""><a class=""ql-preview"" target=""_blank"" href=""about:blank""></a><input type=""text"" data-formula=""e=mc^2"" data-link=""https://quilljs.com"" data-video=""Embed URL""><a class=""ql-action""></a><a class=""ql-remove""></a></div>","Förvaras torrt och i rumstemperatur.","<div class=""ql-editor"" data-gramm=""false"" contenteditable=""true""><p>Livshem har ambitionen att alltid ge rätt produkt information. Förändringar i produktens innehåll kan ske över tid, kontrollera därför alltid före användning informationen på produktens förpackning.</p></div><div class=""ql-clipboard"" contenteditable=""true"" tabindex=""-1""></div><div class=""ql-tooltip ql-hidden""><a class=""ql-preview"" target=""_blank"" href=""about:blank""></a><input type=""text"" data-formula=""e=mc^2"" data-link=""https://quilljs.com"" data-video=""Embed URL""><a class=""ql-action""></a><a class=""ql-remove""></a></div>","","23,95","","88,70 kr/kg","","In Stock","270g","","Snacks","Popcorn & Salta Pinnar"
"381","https://livsham2.softwarebyte.co/assets/images/product_image/33170.jpg","Big Chocolate Bar Corny","Godis & snacks","Lager","<div class=""ql-editor"" data-gramm=""false"" contenteditable=""true""><p><span style=""color: rgb(58, 58, 58);"">Corny Müslibar är ett nyttigare mellanmålsalternativ i barformat, lätt att ta med sig på utflykten. Perfekt före, under och efter träningspasset. Lätt att stoppa i fickan och ha med sig under fritidsaktiviteterna.</span></p></div><div class=""ql-clipboard"" contenteditable=""true"" tabindex=""-1""></div><div class=""ql-tooltip ql-hidden""><a class=""ql-preview"" target=""_blank"" href=""about:blank""></a><input type=""text"" data-formula=""e=mc^2"" data-link=""https://quilljs.com"" data-video=""Embed URL""><a class=""ql-action""></a><a class=""ql-remove""></a></div>","Sverige","MJÖLKCHOKLAD 20% (socker, kakaomassa, kakaosmör, SKUMMJÖLKSPULVER, fett av SMÖR, emulgeringsmedel: lecitiner), flingor (VETEMJÖL, socker, rismjöl, majsmjöl, KORNMALTEXTRAKT, salt, karamelliserad sockersirap), glukossirap, glukosfruktossirap, fullKORNsflingor av SPANNMÅL 10% (HAVRE, VETE, KORN), rostade JORDNÖTTER, socker, kokosfett, majsflingor (majs, salt, KORNMALTEXTRAKT), honung, salt, naturliga aromer, karamelliserad sockersirap, emulgeringsmedel: lecitiner. Kan innehålla spår av NÖTTER.","<div class=""ql-editor"" data-gramm=""false"" contenteditable=""true""><p><span style=""color: rgb(38, 38, 58);"">Per 100 g:</span></p><p><span style=""color: rgb(38, 38, 58);"">Energi 1859 kJ/443 kcal</span></p><p><span style=""color: rgb(38, 38, 58);"">Fett 16 g</span></p><p><span style=""color: rgb(38, 38, 58);"">-varav mättat fett 9.5 g</span></p><p><span style=""color: rgb(38, 38, 58);"">Kolhydrat 66 g</span></p><p><span style=""color: rgb(38, 38, 58);"">-varav sockerarter 34 g</span></p><p><span style=""color: rgb(38, 38, 58);"">Fiber 3.2 g</span></p><p><span style=""color: rgb(38, 38, 58);"">Protein 6.2 g</span></p><p><span style=""color: rgb(38, 38, 58);"">Salt 0.53 g</span></p></div><div class=""ql-clipboard"" contenteditable=""true"" tabindex=""-1""></div><div class=""ql-tooltip ql-hidden""><a class=""ql-preview"" target=""_blank"" href=""about:blank""></a><input type=""text"" data-formula=""e=mc^2"" data-link=""https://quilljs.com"" data-video=""Embed URL""><a class=""ql-action""></a><a class=""ql-remove""></a></div>","Förvaras torrt och i rumstemperatur.","<div class=""ql-editor"" data-gramm=""false"" contenteditable=""true""><p>Livshem har ambitionen att alltid ge rätt produkt information. Förändringar i produktens innehåll kan ske över tid, kontrollera därför alltid före användning informationen på produktens förpackning.</p></div><div class=""ql-clipboard"" contenteditable=""true"" tabindex=""-1""></div><div class=""ql-tooltip ql-hidden""><a class=""ql-preview"" target=""_blank"" href=""about:blank""></a><input type=""text"" data-formula=""e=mc^2"" data-link=""https://quilljs.com"" data-video=""Embed URL""><a class=""ql-action""></a><a class=""ql-remove""></a></div>","","8,95","","179,00 kr/kg","","In Stock","50g","","Snacks","Bars & Hälsokost"
"382","https://livsham2.softwarebyte.co/assets/images/product_image/53125.jpg","Big Peanut Chocolate Bar Corny","Godis & snacks","Lager","<div class=""ql-editor"" data-gramm=""false"" contenteditable=""true""><p><span style=""color: rgb(58, 58, 58);"">Corny Müslibar är ett nyttigare mellanmålsalternativ i barformat, lätt att ta med sig på utflykten. Perfekt före, under och efter träningspasset. Lätt att stoppa i fickan och ha med sig under fritidsaktiviteterna.</span></p></div><div class=""ql-clipboard"" contenteditable=""true"" tabindex=""-1""></div><div class=""ql-tooltip ql-hidden""><a class=""ql-preview"" target=""_blank"" href=""about:blank""></a><input type=""text"" data-formula=""e=mc^2"" data-link=""https://quilljs.com"" data-video=""Embed URL""><a class=""ql-action""></a><a class=""ql-remove""></a></div>","Sverige","Rostade JORDNÖTTER 24%, MJÖLKchoklad* 20% (socker, kakaomassa, kakaosmör, skumMJÖLKspulver, fett av SMÖR, emulgeringsmedel: lecitiner), glukosfruktossirap, fullkornsflingor av spannmål 14% (HAVRE, VETE), flingor (VETEmjöl, socker, rismjöl, majsmjöl, KORNmaltextrakt, salt, karamelliserad sockersirap), glukossirap, socker, majsflingor (majs, salt KORNmaltextrakt), kokosfett, honung, salt, karamelliserad sockersirap, emulgeringsmedel: lecitiner.Kan innehålla spår av NÖTTER. *Rainforest Alliance certified™.","<div class=""ql-editor"" data-gramm=""false"" contenteditable=""true""><p><span style=""color: rgb(38, 38, 58);"">Per 100 g:</span></p><p><span style=""color: rgb(58, 58, 58);"">Energi (kcal) 482 kcal</span></p><p><span style=""color: rgb(58, 58, 58);"">Energi (kJ) 2018 kJ</span></p><p><span style=""color: rgb(58, 58, 58);"">Fett 23 g</span></p><p><span style=""color: rgb(58, 58, 58);"">-varav mättat fett 9.7 g</span></p><p><span style=""color: rgb(58, 58, 58);"">Kolhydrat 55 g</span></p><p><span style=""color: rgb(58, 58, 58);"">-varav socker 31 g</span></p><p><span style=""color: rgb(58, 58, 58);"">Fiber 4.7 g</span></p><p><span style=""color: rgb(58, 58, 58);"">Protein 10 g</span></p><p><span style=""color: rgb(58, 58, 58);"">﻿Salt 0.44 g</span></p></div><div class=""ql-clipboard"" contenteditable=""true"" tabindex=""-1""></div><div class=""ql-tooltip ql-hidden""><a class=""ql-preview"" target=""_blank"" href=""about:blank""></a><input type=""text"" data-formula=""e=mc^2"" data-link=""https://quilljs.com"" data-video=""Embed URL""><a class=""ql-action""></a><a class=""ql-remove""></a></div>","Förvaras torrt och i rumstemperatur.","<div class=""ql-editor"" data-gramm=""false"" contenteditable=""true""><p>Livshem har ambitionen att alltid ge rätt produkt information. Förändringar i produktens innehåll kan ske över tid, kontrollera därför alltid före användning informationen på produktens förpackning.</p></div><div class=""ql-clipboard"" contenteditable=""true"" tabindex=""-1""></div><div class=""ql-tooltip ql-hidden""><a class=""ql-preview"" target=""_blank"" href=""about:blank""></a><input type=""text"" data-formula=""e=mc^2"" data-link=""https://quilljs.com"" data-video=""Embed URL""><a class=""ql-action""></a><a class=""ql-remove""></a></div>","","8,95","","179,00 kr/kg","","In Stock","50g","","Snacks","Bars & Hälsokost"
"383","https://livsham2.softwarebyte.co/assets/images/product_image/71545.jpg","Big Salted Caramel Corny","Godis & snacks","Lager","<div class=""ql-editor"" data-gramm=""false"" contenteditable=""true""><p><span style=""color: rgb(65, 66, 65);"">Corny BIG – Sveriges mest köpta Müslibar! Nu som Corny BIG salted Caramel. Den perfekta kombinationen av krispiga flingor, mjölkchoklad &amp; krämig kola med en touch av salt. Ett godare och nyttigare mellanmålsalternativ i XXL-format. Perfekt före, under och efter träningspasset. Lätt att stoppa i fickan för extra energi under fritidsaktiviteterna. Oavsett om du gillar mörk-, ljus- eller vit choklad, jordnötter, banan eller kokos så har vi en Corny BIG för dig! Corny BIG - var som helst, när som helst!</span></p></div><div class=""ql-clipboard"" contenteditable=""true"" tabindex=""-1""></div><div class=""ql-tooltip ql-hidden""><a class=""ql-preview"" target=""_blank"" href=""about:blank""></a><input type=""text"" data-formula=""e=mc^2"" data-link=""https://quilljs.com"" data-video=""Embed URL""><a class=""ql-action""></a><a class=""ql-remove""></a></div>","Sverige","Glukossirap, flingor av SPANNMÅL (VETEMJÖL, socker, majsmjöl, rismjöl, KORNMALTsextrakt, salt, karamelliserad sockersirap), MJÖLKCHOKLAD 20% (socker, kakaomassa*, kakaosmör*, SKUMMJÖLKSPULVER, fett av SMÖR, emulgeringsmedel: lecitiner), fullKORNsflingor 9% (VETE, HAVRE), kokosfett, kolapulver 5% (sött VASSLEPULVER (från MJÖLK), MALTODEXTRIN, palmfett, socker, karamelliserad sockersirap), majsflingor (majs, salt, KORNMALTEXTRAKT), oligofruktos, stabiliseringsmedel: glycerol, havssalt, naturlig arom, emulgeringsmedel: lecitiner. Kan innehålla spår av NÖTTER och JORDNÖTTER. *Rainforest Alliance Certified. www.ra.org","<div class=""ql-editor"" data-gramm=""false"" contenteditable=""true""><p><span style=""color: rgb(38, 38, 58);"">Per 100 g:</span></p><p><span style=""color: rgb(38, 38, 58);"">Energi 1750 kJ/417 kcal</span></p><p><span style=""color: rgb(38, 38, 58);"">Fett 14 g</span></p><p><span style=""color: rgb(38, 38, 58);"">- Varav mättat fett 9.7 g</span></p><p><span style=""color: rgb(38, 38, 58);"">Kolhydrat 66 g</span></p><p><span style=""color: rgb(38, 38, 58);"">- Varav sockerarter 23 g</span></p><p><span style=""color: rgb(38, 38, 58);"">Fiber 5.1 g</span></p><p><span style=""color: rgb(38, 38, 58);"">Protein 4.8 g</span></p><p><span style=""color: rgb(38, 38, 58);"">Salt 1.1 g</span></p></div><div class=""ql-clipboard"" contenteditable=""true"" tabindex=""-1""></div><div class=""ql-tooltip ql-hidden""><a class=""ql-preview"" target=""_blank"" href=""about:blank""></a><input type=""text"" data-formula=""e=mc^2"" data-link=""https://quilljs.com"" data-video=""Embed URL""><a class=""ql-action""></a><a class=""ql-remove""></a></div>","Förvaras torrt och i rumstemperatur.","<div class=""ql-editor"" data-gramm=""false"" contenteditable=""true""><p>Livshem har ambitionen att alltid ge rätt produkt information. Förändringar i produktens innehåll kan ske över tid, kontrollera därför alltid före användning informationen på produktens förpackning.</p></div><div class=""ql-clipboard"" contenteditable=""true"" tabindex=""-1""></div><div class=""ql-tooltip ql-hidden""><a class=""ql-preview"" target=""_blank"" href=""about:blank""></a><input type=""text"" data-formula=""e=mc^2"" data-link=""https://quilljs.com"" data-video=""Embed URL""><a class=""ql-action""></a><a class=""ql-remove""></a></div>","","8,95","","223,75 kr/kg","","In Stock","40g","","Snacks","Bars & Hälsokost"
"384","https://livsham2.softwarebyte.co/assets/images/product_image/939.jpg","Big Coconut Bar Corny","Godis & snacks","Lager","<div class=""ql-editor"" data-gramm=""false"" contenteditable=""true""><p>Big Coconut Bar Corny</p></div><div class=""ql-clipboard"" contenteditable=""true"" tabindex=""-1""></div><div class=""ql-tooltip ql-hidden""><a class=""ql-preview"" target=""_blank"" href=""about:blank""></a><input type=""text"" data-formula=""e=mc^2"" data-link=""https://quilljs.com"" data-video=""Embed URL""><a class=""ql-action""></a><a class=""ql-remove""></a></div>","Sverige","MJÖLKchoklad* 20% (socker, kakaomassa, kakaosmör, skumMJÖLKspulver, fett av SMÖR, emulgeringsmedel: lecitiner), kokosflingor 17%, glukossirap, glukosfruktossirap, flingor (VETEmjöl, socker, majsmjöl, rismjöl, KORNmaltextrakt, salt, karamelliserad sockersirap), fullkornsflingor av spannmål 7% (HAVRE, VETE), kokosfett, socker, majsflingor (majs, salt, KORNmaltextrakt), stabiliseringsmedel: glycerol, salt, naturlig arom, emulgeringsmedel: lecitiner. Kan innehålla spår av NÖTTER och JORDNÖTTER. *Rainforest Alliance certified™.","<div class=""ql-editor"" data-gramm=""false"" contenteditable=""true""><p><span style=""color: rgb(38, 38, 58);"">Per 100 g:</span></p><p><span style=""color: rgb(58, 58, 58);"">Energi (kcal) 474 kcal</span></p><p><span style=""color: rgb(58, 58, 58);"">Energi (kJ) 1983 kJ</span></p><p><span style=""color: rgb(58, 58, 58);"">Fett 23 g</span></p><p><span style=""color: rgb(58, 58, 58);"">-varav mättat fett 19 g</span></p><p><span style=""color: rgb(58, 58, 58);"">Kolhydrat 59 g</span></p><p><span style=""color: rgb(58, 58, 58);"">-varav socker 32 g</span></p><p><span style=""color: rgb(58, 58, 58);"">Fiber 5.2 g</span></p><p><span style=""color: rgb(58, 58, 58);"">Protein 4.6 g</span></p><p><span style=""color: rgb(58, 58, 58);"">﻿Salt 0.44 g</span></p></div><div class=""ql-clipboard"" contenteditable=""true"" tabindex=""-1""></div><div class=""ql-tooltip ql-hidden""><a class=""ql-preview"" target=""_blank"" href=""about:blank""></a><input type=""text"" data-formula=""e=mc^2"" data-link=""https://quilljs.com"" data-video=""Embed URL""><a class=""ql-action""></a><a class=""ql-remove""></a></div>","Förvaras torrt och i rumstemperatur.","<div class=""ql-editor"" data-gramm=""false"" contenteditable=""true""><p>Livshem har ambitionen att alltid ge rätt produkt information. Förändringar i produktens innehåll kan ske över tid, kontrollera därför alltid före användning informationen på produktens förpackning.</p></div><div class=""ql-clipboard"" contenteditable=""true"" tabindex=""-1""></div><div class=""ql-tooltip ql-hidden""><a class=""ql-preview"" target=""_blank"" href=""about:blank""></a><input type=""text"" data-formula=""e=mc^2"" data-link=""https://quilljs.com"" data-video=""Embed URL""><a class=""ql-action""></a><a class=""ql-remove""></a></div>","","8,95","","179,00 kr/kg","","In Stock","50g","","Snacks","Bars & Hälsokost"
"385","https://livsham2.softwarebyte.co/assets/images/product_image/86917.jpg","Big White Chocolate Bar Corny","Godis & snacks","Lager","<div class=""ql-editor"" data-gramm=""false"" contenteditable=""true""><p><span style=""color: rgb(58, 58, 58);"">Corny Müslibar är ett nyttigare mellanmålsalternativ i barformat, lätt att ta med sig på utflykten. Perfekt före, under och efter träningspasset. Lätt att stoppa i fickan och ha med sig under fritidsaktiviteterna.</span></p></div><div class=""ql-clipboard"" contenteditable=""true"" tabindex=""-1""></div><div class=""ql-tooltip ql-hidden""><a class=""ql-preview"" target=""_blank"" href=""about:blank""></a><input type=""text"" data-formula=""e=mc^2"" data-link=""https://quilljs.com"" data-video=""Embed URL""><a class=""ql-action""></a><a class=""ql-remove""></a></div>","Sverige","Flingor (VETEmjöl, socker, rismjöl, majsmjöl, KORNmaltextrakt, salt, karamelliserad sockersirap), glukosfruktossirap, vit choklad* 20% (socker, kakaosmör, MJÖLKpulver, emulgeringsmedel: lecitiner, vanillin), glukossirap, fullkornsflingor av spannmål 10% (VETE, HAVRE, KORN), majsflingor (majs, salt, KORNmaltextrakt), kokosfett, rostade JORDNÖTTER, socker, naturlig arom, salt, emulgeringsmedel: lecitiner, naturlig bourbonvaniljarom (innehåller MJÖLK). Kan innehålla spår av NÖTTER. *Rainforest Alliance certified™.","<div class=""ql-editor"" data-gramm=""false"" contenteditable=""true""><p><span style=""color: rgb(38, 38, 58);"">Per 100 g:</span></p><p><span style=""color: rgb(58, 58, 58);"">Energi (kcal) 435 kcal</span></p><p><span style=""color: rgb(58, 58, 58);"">Energi (kJ) 1832 kJ</span></p><p><span style=""color: rgb(58, 58, 58);"">Fett 14 g</span></p><p><span style=""color: rgb(58, 58, 58);"">-varav mättat fett 8.5 g</span></p><p><span style=""color: rgb(58, 58, 58);"">Kolhydrat 71 g</span></p><p><span style=""color: rgb(58, 58, 58);"">-varav socker 35 g</span></p><p><span style=""color: rgb(58, 58, 58);"">Fiber 2.3 g</span></p><p><span style=""color: rgb(58, 58, 58);"">Protein 5.9 g</span></p><p><span style=""color: rgb(58, 58, 58);"">﻿Salt 0.69 g</span></p></div><div class=""ql-clipboard"" contenteditable=""true"" tabindex=""-1""></div><div class=""ql-tooltip ql-hidden""><a class=""ql-preview"" target=""_blank"" href=""about:blank""></a><input type=""text"" data-formula=""e=mc^2"" data-link=""https://quilljs.com"" data-video=""Embed URL""><a class=""ql-action""></a><a class=""ql-remove""></a></div>","Förvaras torrt och i rumstemperatur.","<div class=""ql-editor"" data-gramm=""false"" contenteditable=""true""><p>Livshem har ambitionen att alltid ge rätt produkt information. Förändringar i produktens innehåll kan ske över tid, kontrollera därför alltid före användning informationen på produktens förpackning.</p></div><div class=""ql-clipboard"" contenteditable=""true"" tabindex=""-1""></div><div class=""ql-tooltip ql-hidden""><a class=""ql-preview"" target=""_blank"" href=""about:blank""></a><input type=""text"" data-formula=""e=mc^2"" data-link=""https://quilljs.com"" data-video=""Embed URL""><a class=""ql-action""></a><a class=""ql-remove""></a></div>","","8,95","","223,75 kr/kg","","In Stock","40g","","Snacks","Bars & Hälsokost"
"386","https://livsham2.softwarebyte.co/assets/images/product_image/84018.jpg","Caramel Soft Choco Protein Bar Barebells","Godis & snacks","Lager","<div class=""ql-editor"" data-gramm=""false"" contenteditable=""true""><p><span style=""color: rgb(58, 58, 58);"">Proteinbar med mjölkchokladöverdrag (30%) med smak av choklad och kola. Innehåller sötningsmedel. Innehåller naturligt förekommande socker. Utan palmolja.</span></p></div><div class=""ql-clipboard"" contenteditable=""true"" tabindex=""-1""></div><div class=""ql-tooltip ql-hidden""><a class=""ql-preview"" target=""_blank"" href=""about:blank""></a><input type=""text"" data-formula=""e=mc^2"" data-link=""https://quilljs.com"" data-video=""Embed URL""><a class=""ql-action""></a><a class=""ql-remove""></a></div>","Sverige","MJÖLKPROTEIN, sötningsmedel (matitol, xylitol, sukralos), fyllnadsmedel (polydextros), kollagenhydrolysat, fuktighetsbevarande medel (glycerol), kakaosmör, HELMJÖLKSPULVER, solrosolja, kakaomassa, fettreducerad kakao, aromer, emulgeringsmedel (lecitin, SOJALECITIN), salt. Kan innehålla spår av GLUTEN, ÄGG, JORDNÖTTER, NÖTTER och SESAMFRÖ.","<div class=""ql-editor"" data-gramm=""false"" contenteditable=""true""><p><span style=""color: rgb(38, 38, 58);"">Per 100 g:</span></p><p><span style=""color: rgb(38, 38, 58);"">Energi 1539 kJ/370 kcal</span></p><p><span style=""color: rgb(38, 38, 58);"">Fett 17 g</span></p><p><span style=""color: rgb(38, 38, 58);"">-varav mättat fett 7.9 g</span></p><p><span style=""color: rgb(38, 38, 58);"">Kolhydrat 31 g</span></p><p><span style=""color: rgb(38, 38, 58);"">-varav sockerarter 3.6 g</span></p><p><span style=""color: rgb(38, 38, 58);"">Fiber 13 g</span></p><p><span style=""color: rgb(38, 38, 58);"">Protein 28 g</span></p><p><span style=""color: rgb(38, 38, 58);"">Salt 0.71 g</span></p></div><div class=""ql-clipboard"" contenteditable=""true"" tabindex=""-1""></div><div class=""ql-tooltip ql-hidden""><a class=""ql-preview"" target=""_blank"" href=""about:blank""></a><input type=""text"" data-formula=""e=mc^2"" data-link=""https://quilljs.com"" data-video=""Embed URL""><a class=""ql-action""></a><a class=""ql-remove""></a></div>","Förvaras torrt och i rumstemperatur.","<div class=""ql-editor"" data-gramm=""false"" contenteditable=""true""><p>Livshem har ambitionen att alltid ge rätt produkt information. Förändringar i produktens innehåll kan ske över tid, kontrollera därför alltid före användning informationen på produktens förpackning.</p></div><div class=""ql-clipboard"" contenteditable=""true"" tabindex=""-1""></div><div class=""ql-tooltip ql-hidden""><a class=""ql-preview"" target=""_blank"" href=""about:blank""></a><input type=""text"" data-formula=""e=mc^2"" data-link=""https://quilljs.com"" data-video=""Embed URL""><a class=""ql-action""></a><a class=""ql-remove""></a></div>","","21,95","","399,09 kr/kg","","In Stock","55g","","Snacks","Bars & Hälsokost"
"387","https://livsham2.softwarebyte.co/assets/images/product_image/96028.jpg","Peanut Caramel Proteinbar Barebells","Godis & snacks","Lager","<div class=""ql-editor"" data-gramm=""false"" contenteditable=""true""><p>Peanut Caramel Proteinbar Barebells</p></div><div class=""ql-clipboard"" contenteditable=""true"" tabindex=""-1""></div><div class=""ql-tooltip ql-hidden""><a class=""ql-preview"" target=""_blank"" href=""about:blank""></a><input type=""text"" data-formula=""e=mc^2"" data-link=""https://quilljs.com"" data-video=""Embed URL""><a class=""ql-action""></a><a class=""ql-remove""></a></div>","Sverige","MJÖLKPROTEINER, sötningsmedel (maltitol, xylitol, sukralos), JORDNÖTTER, fyllnadsmedel (polydextros), kollagenhydrolysat, fuktighetsbevarande medel (glycerol), kakaosmör, HELMJÖLKSPULVER, kakaomassa, sojaolja, salt (0,14%), aromer, emulgeringsmedel (SOJALECITIN). Kan innehålla spår av SPANNMÅL SOM INNEHÅLLER GLUTEN, ÄGG, NÖTTER och SESAMFRÖ.","<div class=""ql-editor"" data-gramm=""false"" contenteditable=""true""><p><span style=""color: rgb(38, 38, 58);"">Per 100 g:</span></p><p><span style=""color: rgb(38, 38, 58);"">Energi 1640 kJ/394 kcal</span></p><p><span style=""color: rgb(38, 38, 58);"">Fett 20 g</span></p><p><span style=""color: rgb(38, 38, 58);"">- Varav mättat fett 8.4 g</span></p><p><span style=""color: rgb(38, 38, 58);"">Kolhydrat 29 g</span></p><p><span style=""color: rgb(38, 38, 58);"">- Varav sockerarter 3.8 g</span></p><p><span style=""color: rgb(38, 38, 58);"">Fiber 11 g</span></p><p><span style=""color: rgb(38, 38, 58);"">Protein 29 g</span></p><p><span style=""color: rgb(38, 38, 58);"">Salt 0.95 g</span></p></div><div class=""ql-clipboard"" contenteditable=""true"" tabindex=""-1""></div><div class=""ql-tooltip ql-hidden""><a class=""ql-preview"" target=""_blank"" href=""about:blank""></a><input type=""text"" data-formula=""e=mc^2"" data-link=""https://quilljs.com"" data-video=""Embed URL""><a class=""ql-action""></a><a class=""ql-remove""></a></div>","Förvaras torrt och i rumstemperatur.","<div class=""ql-editor"" data-gramm=""false"" contenteditable=""true""><p>Livshem har ambitionen att alltid ge rätt produkt information. Förändringar i produktens innehåll kan ske över tid, kontrollera därför alltid före användning informationen på produktens förpackning.</p></div><div class=""ql-clipboard"" contenteditable=""true"" tabindex=""-1""></div><div class=""ql-tooltip ql-hidden""><a class=""ql-preview"" target=""_blank"" href=""about:blank""></a><input type=""text"" data-formula=""e=mc^2"" data-link=""https://quilljs.com"" data-video=""Embed URL""><a class=""ql-action""></a><a class=""ql-remove""></a></div>","","21,95","","399,09 kr/kg","","In Stock","55g","","Snacks","Bars & Hälsokost"
"388","https://livsham2.softwarebyte.co/assets/images/product_image/53056.jpg","Banana Dream Barebells","Godis & snacks","Lager","<div class=""ql-editor"" data-gramm=""false"" contenteditable=""true""><p><span style=""color: rgb(58, 58, 58);"">Proteinbar med mjölkchokladöverdrag (30%) med smak av banan och kola. Innehåller sötningsmedel. Innehåller naturligt förekommande socker.</span></p></div><div class=""ql-clipboard"" contenteditable=""true"" tabindex=""-1""></div><div class=""ql-tooltip ql-hidden""><a class=""ql-preview"" target=""_blank"" href=""about:blank""></a><input type=""text"" data-formula=""e=mc^2"" data-link=""https://quilljs.com"" data-video=""Embed URL""><a class=""ql-action""></a><a class=""ql-remove""></a></div>","Sverige","MJÖLKPROTEINER, sötningsmedel (maltitol, xylitol, sukralos), fyllnadsmedel (polydextros), kollagenhydrolysat, fuktighetsbevarande medel (glycerol), kakaosmör, HELMJÖLKSPULVER, sojaolja, kakaomassa, aromer, emulgeringsmedel (SOJALECITIN), salt, solrosolja, färgämne (betakaroten).Kan innehålla spår av SPANNMÅL SOM INNEHÅLLER GLUTEN, ÄGG, JORDNÖTTER, NÖTTER och SESAMFRÖN.","<div class=""ql-editor"" data-gramm=""false"" contenteditable=""true""><p><span style=""color: rgb(38, 38, 58);"">Per 100 g:</span></p><p><span style=""color: rgb(38, 38, 58);"">Energi 1549 kJ/372 kcal</span></p><p><span style=""color: rgb(38, 38, 58);"">Fett 17 g</span></p><p><span style=""color: rgb(38, 38, 58);"">- Varav mättat fett 8.1 g</span></p><p><span style=""color: rgb(38, 38, 58);"">Kolhydrat 31 g</span></p><p><span style=""color: rgb(38, 38, 58);"">- Varav sockerarter 3.9 g</span></p><p><span style=""color: rgb(38, 38, 58);"">Fiber 12 g</span></p><p><span style=""color: rgb(38, 38, 58);"">Protein 29 g</span></p><p><span style=""color: rgb(38, 38, 58);"">Salt 0.57 g</span></p></div><div class=""ql-clipboard"" contenteditable=""true"" tabindex=""-1""></div><div class=""ql-tooltip ql-hidden""><a class=""ql-preview"" target=""_blank"" href=""about:blank""></a><input type=""text"" data-formula=""e=mc^2"" data-link=""https://quilljs.com"" data-video=""Embed URL""><a class=""ql-action""></a><a class=""ql-remove""></a></div>","Förvaras torrt och i rumstemperatur.","<div class=""ql-editor"" data-gramm=""false"" contenteditable=""true""><p>Livshem har ambitionen att alltid ge rätt produkt information. Förändringar i produktens innehåll kan ske över tid, kontrollera därför alltid före användning informationen på produktens förpackning.</p></div><div class=""ql-clipboard"" contenteditable=""true"" tabindex=""-1""></div><div class=""ql-tooltip ql-hidden""><a class=""ql-preview"" target=""_blank"" href=""about:blank""></a><input type=""text"" data-formula=""e=mc^2"" data-link=""https://quilljs.com"" data-video=""Embed URL""><a class=""ql-action""></a><a class=""ql-remove""></a></div>","","21,95","","399,09 kr/kg","","In Stock","55g","","Snacks","Bars & Hälsokost"
"389","https://livsham2.softwarebyte.co/assets/images/product_image/45505.jpg","Protein Bar Peanut Seasalt Barebells","Godis & snacks","Lager","<div class=""ql-editor"" data-gramm=""false"" contenteditable=""true""><p><span style=""color: rgb(58, 58, 58);"">Proteinbar med mjölkchokladöverdrag och smak av salta nötter. Innehåller sötningsmedel och naturligt förekommande sockerarter.</span></p></div><div class=""ql-clipboard"" contenteditable=""true"" tabindex=""-1""></div><div class=""ql-tooltip ql-hidden""><a class=""ql-preview"" target=""_blank"" href=""about:blank""></a><input type=""text"" data-formula=""e=mc^2"" data-link=""https://quilljs.com"" data-video=""Embed URL""><a class=""ql-action""></a><a class=""ql-remove""></a></div>","Sverige","MJÖLKPROTEIN, fuktighetsbevarande medel (glycerol), sötningsmedel (maltitol), polydextros, kollagenpeptider, kakaosmör, MJÖLKPULVER, vatten, JORDNÖTTER, SOJAKRISP(SOJAPROTEIN, kakaopulver, tapiokastärkelse), solrosolja, kakaomassa, kakaopulver, JORDNÖTSPASTA (JORDNÖTTER, JORDNÖTSOLJA), arom, salt, emulgeringsmedel (SOJALECITIN), sötningsmedel (sukralos, acesulfam K). Kan innehålla spår av GLUTEN, ÄGG och NÖTTER.","<div class=""ql-editor"" data-gramm=""false"" contenteditable=""true""><p><span style=""color: rgb(38, 38, 58);"">Per 100 g:</span></p><p><span style=""color: rgb(38, 38, 58);"">Energi 1549 kJ/371 kcal</span></p><p><span style=""color: rgb(38, 38, 58);"">Fett 15 g</span></p><p><span style=""color: rgb(38, 38, 58);"">-varav mättat fett 6.5 g</span></p><p><span style=""color: rgb(38, 38, 58);"">Kolhydrat 29 g</span></p><p><span style=""color: rgb(38, 38, 58);"">-varav sockerarter 2.3 g</span></p><p><span style=""color: rgb(38, 38, 58);"">Fiber 7.2 g</span></p><p><span style=""color: rgb(38, 38, 58);"">Protein 36 g</span></p><p><span style=""color: rgb(38, 38, 58);"">Salt 0.48 g</span></p></div><div class=""ql-clipboard"" contenteditable=""true"" tabindex=""-1""></div><div class=""ql-tooltip ql-hidden""><a class=""ql-preview"" target=""_blank"" href=""about:blank""></a><input type=""text"" data-formula=""e=mc^2"" data-link=""https://quilljs.com"" data-video=""Embed URL""><a class=""ql-action""></a><a class=""ql-remove""></a></div>","Förvaras torrt och i rumstemperatur.","<div class=""ql-editor"" data-gramm=""false"" contenteditable=""true""><p>Livshem har ambitionen att alltid ge rätt produkt information. Förändringar i produktens innehåll kan ske över tid, kontrollera därför alltid före användning informationen på produktens förpackning.</p></div><div class=""ql-clipboard"" contenteditable=""true"" tabindex=""-1""></div><div class=""ql-tooltip ql-hidden""><a class=""ql-preview"" target=""_blank"" href=""about:blank""></a><input type=""text"" data-formula=""e=mc^2"" data-link=""https://quilljs.com"" data-video=""Embed URL""><a class=""ql-action""></a><a class=""ql-remove""></a></div>","","21,95","","399,09 kr/kg","","In Stock","55g","","Snacks","Bars & Hälsokost"
"390","https://livsham2.softwarebyte.co/assets/images/product_image/20258.jpg","Protein Bar Caramell & Cashew Barebells","Godis & snacks","Lager","<div class=""ql-editor"" data-gramm=""false"" contenteditable=""true""><p><span style=""color: rgb(58, 58, 58);"">Proteinbar med mjölkchokladöverdrag. Smak av Caramel Cashew. Innehåller sötningsmedel.</span></p></div><div class=""ql-clipboard"" contenteditable=""true"" tabindex=""-1""></div><div class=""ql-tooltip ql-hidden""><a class=""ql-preview"" target=""_blank"" href=""about:blank""></a><input type=""text"" data-formula=""e=mc^2"" data-link=""https://quilljs.com"" data-video=""Embed URL""><a class=""ql-action""></a><a class=""ql-remove""></a></div>","Sverige","Mjölkproteiner, fuktighetsbevarande medel (glycerol), kollagenhydrolysat, sötningsmedel (maltitol, sukralos, acesulfam K), polydextros, vatten, kakaosmör, rostade cashewnötsbitar , helmjölkspulver, solrosolja, kakaomassa, jordnötspasta, fettreducerad kakao, aromer, salt, emulgeringsmedel (lecitin). Kan innehålla spannmål som innehåller gluten, soja och andra nötter.","<div class=""ql-editor"" data-gramm=""false"" contenteditable=""true""><p><span style=""color: rgb(38, 38, 58);"">Per 100 g:</span></p><p><span style=""color: rgb(38, 38, 58);"">Energi 1552 kJ/371 kcal</span></p><p><span style=""color: rgb(38, 38, 58);"">Fett 15 g</span></p><p><span style=""color: rgb(38, 38, 58);"">-varav mättat fett 6.4 g</span></p><p><span style=""color: rgb(38, 38, 58);"">Kolhydrat 30 g</span></p><p><span style=""color: rgb(38, 38, 58);"">-varav sockerarter 2.8 g</span></p><p><span style=""color: rgb(38, 38, 58);"">Fiber 5.3 g</span></p><p><span style=""color: rgb(38, 38, 58);"">Protein 36 g</span></p><p><span style=""color: rgb(38, 38, 58);"">Salt 0.24 g</span></p></div><div class=""ql-clipboard"" contenteditable=""true"" tabindex=""-1""></div><div class=""ql-tooltip ql-hidden""><a class=""ql-preview"" target=""_blank"" href=""about:blank""></a><input type=""text"" data-formula=""e=mc^2"" data-link=""https://quilljs.com"" data-video=""Embed URL""><a class=""ql-action""></a><a class=""ql-remove""></a></div>","Förvaras torrt och i rumstemperatur.","<div class=""ql-editor"" data-gramm=""false"" contenteditable=""true""><p>Livshem har ambitionen att alltid ge rätt produkt information. Förändringar i produktens innehåll kan ske över tid, kontrollera därför alltid före användning informationen på produktens förpackning.</p></div><div class=""ql-clipboard"" contenteditable=""true"" tabindex=""-1""></div><div class=""ql-tooltip ql-hidden""><a class=""ql-preview"" target=""_blank"" href=""about:blank""></a><input type=""text"" data-formula=""e=mc^2"" data-link=""https://quilljs.com"" data-video=""Embed URL""><a class=""ql-action""></a><a class=""ql-remove""></a></div>","","21,95","","399,09 kr/kg","","In Stock","55g","","Snacks","Bars & Hälsokost"
"391","https://livsham2.softwarebyte.co/assets/images/product_image/18895.jpg","Protein Bar Cookies And Cream Barebells","Godis & snacks","Lager","<div class=""ql-editor"" data-gramm=""false"" contenteditable=""true""><p><span style=""color: rgb(58, 58, 58);"">Proteinbar med mjölkchokladöverdrag. Smak av Cookies &amp; Cream. Innehåller sötningsmedel.</span></p></div><div class=""ql-clipboard"" contenteditable=""true"" tabindex=""-1""></div><div class=""ql-tooltip ql-hidden""><a class=""ql-preview"" target=""_blank"" href=""about:blank""></a><input type=""text"" data-formula=""e=mc^2"" data-link=""https://quilljs.com"" data-video=""Embed URL""><a class=""ql-action""></a><a class=""ql-remove""></a></div>","Sverige","MJÖLKPROTEIN, fuktighetsbevarande medel (glycerol), sötningsmedel (maltitol, sukralos, acesulfam K), kollagenpeptider, fyllnadsmedel (polydextros), SOJAKRISP (SOJAPROTEIN, kakaopulver, tapiokastärkelse), kakaosmör, HELMJÖLKSPULVER, vatten, solrosolja, kakaomassa, arom, emulgeringsmedel (SOJALECITIN). Kan innehålla spår av GLUTEN, JORDNÖTTER och NÖTTER.","<div class=""ql-editor"" data-gramm=""false"" contenteditable=""true""><p><span style=""color: rgb(38, 38, 58);"">Per 100 g:</span></p><p><span style=""color: rgb(38, 38, 58);"">Energi 1476 kJ/353 kcal</span></p><p><span style=""color: rgb(38, 38, 58);"">Fett 12 g</span></p><p><span style=""color: rgb(38, 38, 58);"">-varav mättat fett 6.1 g</span></p><p><span style=""color: rgb(38, 38, 58);"">Kolhydrat 31 g</span></p><p><span style=""color: rgb(38, 38, 58);"">-varav sockerarter 2.5 g</span></p><p><span style=""color: rgb(38, 38, 58);"">Fiber 5 g</span></p><p><span style=""color: rgb(38, 38, 58);"">Protein 36 g</span></p><p><span style=""color: rgb(38, 38, 58);"">Salt 0.29 g</span></p></div><div class=""ql-clipboard"" contenteditable=""true"" tabindex=""-1""></div><div class=""ql-tooltip ql-hidden""><a class=""ql-preview"" target=""_blank"" href=""about:blank""></a><input type=""text"" data-formula=""e=mc^2"" data-link=""https://quilljs.com"" data-video=""Embed URL""><a class=""ql-action""></a><a class=""ql-remove""></a></div>","Förvaras torrt och i rumstemperatur.","<div class=""ql-editor"" data-gramm=""false"" contenteditable=""true""><p>Livshem har ambitionen att alltid ge rätt produkt information. Förändringar i produktens innehåll kan ske över tid, kontrollera därför alltid före användning informationen på produktens förpackning.</p></div><div class=""ql-clipboard"" contenteditable=""true"" tabindex=""-1""></div><div class=""ql-tooltip ql-hidden""><a class=""ql-preview"" target=""_blank"" href=""about:blank""></a><input type=""text"" data-formula=""e=mc^2"" data-link=""https://quilljs.com"" data-video=""Embed URL""><a class=""ql-action""></a><a class=""ql-remove""></a></div>","","21,95","","399,09 kr/kg","","In Stock","55g","","Snacks","Bars & Hälsokost"
"392","https://livsham2.softwarebyte.co/assets/images/product_image/69335.jpg","Creamy Crisp Proteinbar Barebells","Godis & snacks","Lager","<div class=""ql-editor"" data-gramm=""false"" contenteditable=""true""><p><span style=""color: rgb(58, 58, 58);"">Proteinbar med sojapuffar (5%), mjölkchokladöverdrag (22%) och smak av kaka och kola. Innehåller sötningsmedel. Innehåller naturligt förekommande socker. Utan palmolja.</span></p></div><div class=""ql-clipboard"" contenteditable=""true"" tabindex=""-1""></div><div class=""ql-tooltip ql-hidden""><a class=""ql-preview"" target=""_blank"" href=""about:blank""></a><input type=""text"" data-formula=""e=mc^2"" data-link=""https://quilljs.com"" data-video=""Embed URL""><a class=""ql-action""></a><a class=""ql-remove""></a></div>","Sverige","MJÖLKPROTEIN, fuktighetsbevarande medel (glycerol), sötningsmedel (maltitol, sukralos), kollagenpeptider, fyllnadsmedel (polydextros), kakaosmör, vatten, kakaomassa, SOJAKRISP (SOJAPROTEIN, tapiokastärkelse, salt), HELMJÖLKSPULVER, solrosolja, arom, salt, emulgeringsmedel (SOJALECITIN, solroslecitin). Kan innehålla spår av GLUTEN, JORDNÖTTER och NÖTTER.","<div class=""ql-editor"" data-gramm=""false"" contenteditable=""true""><p><span style=""color: rgb(38, 38, 58);"">Per 100 g:</span></p><p><span style=""color: rgb(38, 38, 58);"">Energi 1533 kJ/367 kcal</span></p><p><span style=""color: rgb(38, 38, 58);"">Fett 14 g</span></p><p><span style=""color: rgb(38, 38, 58);"">-varav mättat fett 7 g</span></p><p><span style=""color: rgb(38, 38, 58);"">Kolhydrat 30 g</span></p><p><span style=""color: rgb(38, 38, 58);"">-varav sockerarter 2 g</span></p><p><span style=""color: rgb(38, 38, 58);"">Fiber 6.7 g</span></p><p><span style=""color: rgb(38, 38, 58);"">Protein 36 g</span></p><p><span style=""color: rgb(38, 38, 58);"">Salt 0.53 g</span></p></div><div class=""ql-clipboard"" contenteditable=""true"" tabindex=""-1""></div><div class=""ql-tooltip ql-hidden""><a class=""ql-preview"" target=""_blank"" href=""about:blank""></a><input type=""text"" data-formula=""e=mc^2"" data-link=""https://quilljs.com"" data-video=""Embed URL""><a class=""ql-action""></a><a class=""ql-remove""></a></div>","Förvaras torrt och i rumstemperatur.","<div class=""ql-editor"" data-gramm=""false"" contenteditable=""true""><p>Livshem har ambitionen att alltid ge rätt produkt information. Förändringar i produktens innehåll kan ske över tid, kontrollera därför alltid före användning informationen på produktens förpackning.</p></div><div class=""ql-clipboard"" contenteditable=""true"" tabindex=""-1""></div><div class=""ql-tooltip ql-hidden""><a class=""ql-preview"" target=""_blank"" href=""about:blank""></a><input type=""text"" data-formula=""e=mc^2"" data-link=""https://quilljs.com"" data-video=""Embed URL""><a class=""ql-action""></a><a class=""ql-remove""></a></div>","","21,95","","399,09 kr/kg","","In Stock","55g","","Snacks","Bars & Hälsokost"
"393","https://livsham2.softwarebyte.co/assets/images/product_image/84327.jpg","White Salty Peanut Protein Bar Barebells","Godis & snacks","Lager","<div class=""ql-editor"" data-gramm=""false"" contenteditable=""true""><p><span style=""color: rgb(58, 58, 58);"">Proteinbar med salta jordnötter (8%) och överdrag av vit choklad (20%). Innehåller sötningsmedel. Innehåller naturligt förekommande socker. Utan palmolja.</span></p></div><div class=""ql-clipboard"" contenteditable=""true"" tabindex=""-1""></div><div class=""ql-tooltip ql-hidden""><a class=""ql-preview"" target=""_blank"" href=""about:blank""></a><input type=""text"" data-formula=""e=mc^2"" data-link=""https://quilljs.com"" data-video=""Embed URL""><a class=""ql-action""></a><a class=""ql-remove""></a></div>","Sverige","MJÖLKPROTEIN, kollagenpeptider, fuktighetsbevarande medel (glycerol), polydextros, sötningsmedel (maltitol, sukralos), JORDNÖTTER, kakaosmör, vatten, MJÖLKPULVER, solrosolja, arom, salt, kakaomassa, emulgeringsmedel (SOJALECITIN). Kan innehålla spår av GLUTEN, ÄGG och NÖTTER.","<div class=""ql-editor"" data-gramm=""false"" contenteditable=""true""><p><span style=""color: rgb(38, 38, 58);"">Per 100 g</span></p><p><span style=""color: rgb(38, 38, 58);"">Energi 1585 kJ/380 kcal</span></p><p><span style=""color: rgb(38, 38, 58);"">Fett 17 g</span></p><p><span style=""color: rgb(38, 38, 58);"">-varav mättat fett 6.7 g</span></p><p><span style=""color: rgb(38, 38, 58);"">Kolhydrat 26 g</span></p><p><span style=""color: rgb(38, 38, 58);"">-varav sockerarter 2.7 g</span></p><p><span style=""color: rgb(38, 38, 58);"">Fiber 6.7 g</span></p><p><span style=""color: rgb(38, 38, 58);"">Protein 36 g</span></p><p><span style=""color: rgb(38, 38, 58);"">Salt 0.46 g</span></p></div><div class=""ql-clipboard"" contenteditable=""true"" tabindex=""-1""></div><div class=""ql-tooltip ql-hidden""><a class=""ql-preview"" target=""_blank"" href=""about:blank""></a><input type=""text"" data-formula=""e=mc^2"" data-link=""https://quilljs.com"" data-video=""Embed URL""><a class=""ql-action""></a><a class=""ql-remove""></a></div>","Förvaras torrt och i rumstemperatur.","<div class=""ql-editor"" data-gramm=""false"" contenteditable=""true""><p>Livshem har ambitionen att alltid ge rätt produkt information. Förändringar i produktens innehåll kan ske över tid, kontrollera därför alltid före användning informationen på produktens förpackning.</p></div><div class=""ql-clipboard"" contenteditable=""true"" tabindex=""-1""></div><div class=""ql-tooltip ql-hidden""><a class=""ql-preview"" target=""_blank"" href=""about:blank""></a><input type=""text"" data-formula=""e=mc^2"" data-link=""https://quilljs.com"" data-video=""Embed URL""><a class=""ql-action""></a><a class=""ql-remove""></a></div>","","21,95","","399,09 kr/kg","","In Stock","55g","","Snacks","Bars & Hälsokost"
"394","https://livsham2.softwarebyte.co/assets/images/product_image/43158.jpg","White Chocolate Almond Protein Bar Barebells","Godis & snacks","Lager","<div class=""ql-editor"" data-gramm=""false"" contenteditable=""true""><p><span style=""color: rgb(58, 58, 58);"">Proteinbar med vit choklad och mandel. Innehåller sötningsmedel och naturligt förekommande socker.</span></p></div><div class=""ql-clipboard"" contenteditable=""true"" tabindex=""-1""></div><div class=""ql-tooltip ql-hidden""><a class=""ql-preview"" target=""_blank"" href=""about:blank""></a><input type=""text"" data-formula=""e=mc^2"" data-link=""https://quilljs.com"" data-video=""Embed URL""><a class=""ql-action""></a><a class=""ql-remove""></a></div>","Sverige","MJÖLKPROTEIN, fuktighetsbevarande medel (glycerol), sötningsmedel (maltitol, (sukralos, acesulfam K), fyllnadsmedel (polydextros), kakaosmör, kollagenpeptider, HELMJÖLKSPULVER, vatten, MANDEL, SOJAKRISP (SOJAPROTEIN, kakaopulver, tapiokastärkelse), solrosolja, kakaopulver, arom, salt, kakaomassa, emulgeringsmedel (SOJALECITIN). Kan innehålla spår av GLUTEN, JORDNÖTTER och ANDRA NÖTTER.","<div class=""ql-editor"" data-gramm=""false"" contenteditable=""true""><p><span style=""color: rgb(38, 38, 58);"">Per 100 g:</span></p><p><span style=""color: rgb(38, 38, 58);"">Energi 1552 kJ/372 kcal</span></p><p><span style=""color: rgb(38, 38, 58);"">Fett 15 g</span></p><p><span style=""color: rgb(38, 38, 58);"">-varav mättat fett 6.8 g</span></p><p><span style=""color: rgb(38, 38, 58);"">Kolhydrat 30 g</span></p><p><span style=""color: rgb(38, 38, 58);"">-varav sockerarter 2.4 g</span></p><p><span style=""color: rgb(38, 38, 58);"">Fiber 7.3 g</span></p><p><span style=""color: rgb(38, 38, 58);"">Protein 36 g</span></p><p><span style=""color: rgb(38, 38, 58);"">Salt 0.43 g</span></p></div><div class=""ql-clipboard"" contenteditable=""true"" tabindex=""-1""></div><div class=""ql-tooltip ql-hidden""><a class=""ql-preview"" target=""_blank"" href=""about:blank""></a><input type=""text"" data-formula=""e=mc^2"" data-link=""https://quilljs.com"" data-video=""Embed URL""><a class=""ql-action""></a><a class=""ql-remove""></a></div>","Förvaras torrt och i rumstemperatur.","<div class=""ql-editor"" data-gramm=""false"" contenteditable=""true""><p>Livshem har ambitionen att alltid ge rätt produkt information. Förändringar i produktens innehåll kan ske över tid, kontrollera därför alltid före användning informationen på produktens förpackning.</p></div><div class=""ql-clipboard"" contenteditable=""true"" tabindex=""-1""></div><div class=""ql-tooltip ql-hidden""><a class=""ql-preview"" target=""_blank"" href=""about:blank""></a><input type=""text"" data-formula=""e=mc^2"" data-link=""https://quilljs.com"" data-video=""Embed URL""><a class=""ql-action""></a><a class=""ql-remove""></a></div>","","21,95","","399,09 kr/kg","","In Stock","55g","","Snacks","Bars & Hälsokost"
"395","https://livsham2.softwarebyte.co/assets/images/product_image/10284.jpg","Protein Bar Hazelnut Nougat Barebells","Godis & snacks","Lager","<div class=""ql-editor"" data-gramm=""false"" contenteditable=""true""><p><span style=""color: rgb(58, 58, 58);"">Proteinbar med hasselnötter, nougatkräm och mjölkchokladöverdrag. Innehåller sötningsmedel och naturligt förekommande socker.</span></p></div><div class=""ql-clipboard"" contenteditable=""true"" tabindex=""-1""></div><div class=""ql-tooltip ql-hidden""><a class=""ql-preview"" target=""_blank"" href=""about:blank""></a><input type=""text"" data-formula=""e=mc^2"" data-link=""https://quilljs.com"" data-video=""Embed URL""><a class=""ql-action""></a><a class=""ql-remove""></a></div>","Sverige","MJÖLKPROTEIN, fuktighetsbevarande medel (glycerol), kollagenpeptider, sötningsmedel (maltitol, sukralos, acesulfam K), fyllnadsmedel (polydextros), vatten, kakaosmör, HASSELNÖTTER, HELMJÖLKPULVER, solrosolja, kakaomassa, kakaopulver, arom, emulgeringsmedel (SOJALECITIN). Kan innehålla spår av GLUTEN, JORDNÖTTER och andra NÖTTER.","<div class=""ql-editor"" data-gramm=""false"" contenteditable=""true""><p><span style=""color: rgb(38, 38, 58);"">Per 100 g:</span></p><p><span style=""color: rgb(38, 38, 58);"">Energi 1552 kJ/372 kcal</span></p><p><span style=""color: rgb(38, 38, 58);"">Fett 16 g</span></p><p><span style=""color: rgb(38, 38, 58);"">-varav mättat fett 6.5 g</span></p><p><span style=""color: rgb(38, 38, 58);"">Kolhydrat 28 g</span></p><p><span style=""color: rgb(38, 38, 58);"">-varav sockerarter 2.7 g</span></p><p><span style=""color: rgb(38, 38, 58);"">Fiber 5.3 g</span></p><p><span style=""color: rgb(38, 38, 58);"">Protein 36 g</span></p><p><span style=""color: rgb(38, 38, 58);"">Salt 0.16 g</span></p></div><div class=""ql-clipboard"" contenteditable=""true"" tabindex=""-1""></div><div class=""ql-tooltip ql-hidden""><a class=""ql-preview"" target=""_blank"" href=""about:blank""></a><input type=""text"" data-formula=""e=mc^2"" data-link=""https://quilljs.com"" data-video=""Embed URL""><a class=""ql-action""></a><a class=""ql-remove""></a></div>","Förvaras torrt och i rumstemperatur.","<div class=""ql-editor"" data-gramm=""false"" contenteditable=""true""><p>Livshem har ambitionen att alltid ge rätt produkt information. Förändringar i produktens innehåll kan ske över tid, kontrollera därför alltid före användning informationen på produktens förpackning.</p></div><div class=""ql-clipboard"" contenteditable=""true"" tabindex=""-1""></div><div class=""ql-tooltip ql-hidden""><a class=""ql-preview"" target=""_blank"" href=""about:blank""></a><input type=""text"" data-formula=""e=mc^2"" data-link=""https://quilljs.com"" data-video=""Embed URL""><a class=""ql-action""></a><a class=""ql-remove""></a></div>","","21,95","","399,09 kr/kg","","In Stock","55g","","Snacks","Bars & Hälsokost"
"396","https://livsham2.softwarebyte.co/assets/images/product_image/45019.jpg","Berry Licorice Proteinbar Barebells","Godis & snacks","Lager","<div class=""ql-editor"" data-gramm=""false"" contenteditable=""true""><p>Berry Licorice Proteinbar Barebells</p></div><div class=""ql-clipboard"" contenteditable=""true"" tabindex=""-1""></div><div class=""ql-tooltip ql-hidden""><a class=""ql-preview"" target=""_blank"" href=""about:blank""></a><input type=""text"" data-formula=""e=mc^2"" data-link=""https://quilljs.com"" data-video=""Embed URL""><a class=""ql-action""></a><a class=""ql-remove""></a></div>","Sverige","Sötningsmedel (maltitol, xylitol, sukralos), MJÖLKPROTEINER, kollagenhydrolysat, fuktighetsbevarande medel (glycerol), fyllnadsmedel (polydextros), kakaosmör, HELMJÖLKSPULVER, kakaomassa, sojaolja, SOJAPROTEIN, fettreducerad kakao, salt, aromer, emulgeringsmedel (SOJALECITIN), lakritsrotextrakt (0,1%), färgämnen (vegetabiliskt kol, karmin), syra (citronsyra). Kan innehålla spår av SPANNMÅL SOM INNEHÅLLER GLUTEN, ÄGG, JORDNÖTTER, NÖTTER och SESAMFRÖ.","<div class=""ql-editor"" data-gramm=""false"" contenteditable=""true""><p><span style=""color: rgb(38, 38, 58);"">Per 100 g:</span></p><p><span style=""color: rgb(58, 58, 58);"">Energi (kcal) 358 kcal</span></p><p><span style=""color: rgb(58, 58, 58);"">Energi (kJ) 1491 kJ</span></p><p><span style=""color: rgb(58, 58, 58);"">Fett 15 g</span></p><p><span style=""color: rgb(58, 58, 58);"">-varav mättat fett 7.9 g</span></p><p><span style=""color: rgb(58, 58, 58);"">Kolhydrat 36 g</span></p><p><span style=""color: rgb(58, 58, 58);"">-varav socker 3.6 g</span></p><p><span style=""color: rgb(58, 58, 58);"">Fiber 6.5 g</span></p><p><span style=""color: rgb(58, 58, 58);"">Protein 29 g</span></p><p><span style=""color: rgb(58, 58, 58);"">﻿Salt 0.84 g</span></p></div><div class=""ql-clipboard"" contenteditable=""true"" tabindex=""-1""></div><div class=""ql-tooltip ql-hidden""><a class=""ql-preview"" target=""_blank"" href=""about:blank""></a><input type=""text"" data-formula=""e=mc^2"" data-link=""https://quilljs.com"" data-video=""Embed URL""><a class=""ql-action""></a><a class=""ql-remove""></a></div>","Förvaras torrt och i rumstemperatur.","<div class=""ql-editor"" data-gramm=""false"" contenteditable=""true""><p><span style=""color: rgb(33, 37, 41);"">Livshem har ambitionen att alltid ge rätt produkt information. Förändringar i produktens innehåll kan ske över tid, kontrollera därför alltid före användning informationen på produktens förpackning.</span></p></div><div class=""ql-clipboard"" contenteditable=""true"" tabindex=""-1""></div><div class=""ql-tooltip ql-hidden""><a class=""ql-preview"" target=""_blank"" href=""about:blank""></a><input type=""text"" data-formula=""e=mc^2"" data-link=""https://quilljs.com"" data-video=""Embed URL""><a class=""ql-action""></a><a class=""ql-remove""></a></div>","","21,95","","399,09 kr/kg","","In Stock","55g","","Snacks","Bars & Hälsokost"
"397","https://livsham2.softwarebyte.co/assets/images/product_image/69392.jpg","White Chocolate Energibar Corny","Godis & snacks","Lager","<div class=""ql-editor"" data-gramm=""false"" contenteditable=""true""><p><span style=""color: rgb(58, 58, 58);"">Corny 0% White Chocolate Corny 0% added sugar Vit Choklad är en läcker müslibar utan tillsatt socker. Det rätta valet för alla som snacksar medvetet och som aldrig vill kompromissa med smaken. Endast 65 kcal per bar. Innehåller 33% fullkorn. Utan konserveringsmedel eller konstgjorda ämnen. Rainforest Alliance certifierad choklad. -Ett perfekt mellanmål på språng eller när du behöver en liten godbit.</span></p></div><div class=""ql-clipboard"" contenteditable=""true"" tabindex=""-1""></div><div class=""ql-tooltip ql-hidden""><a class=""ql-preview"" target=""_blank"" href=""about:blank""></a><input type=""text"" data-formula=""e=mc^2"" data-link=""https://quilljs.com"" data-video=""Embed URL""><a class=""ql-action""></a><a class=""ql-remove""></a></div>","Sverige","Sødestof/Søtstoff/Sötningsmedel: maltitolsirup/-sirap, fuldkornsflager/-flak/-flingor av spannmål 12% (BYG/BYGG/KORN, HVEDE/HVETE/VETE), fuldkornshVEDE/-HVETEkrispies/fullkornsVETEflingor (fuldkornsHVEDE/-HVETE/-VETEmel/mjöl 11%, HVEDE-/HVETE-/VETEGLUTEN, BYG-/BYGG-/KORNmaltextrakt), kakaoholdige fuldkornsHVEDE/-HVETE/-VETEkrispies/-flingor, (fuldkornshVEDE/-HVETEmel/fullkornsVETEmjöl 10%, fedtreducerat kakaopulver, HVEDE-/HVETE-/VETEGLUTEN, sødMÆLKs-/HELMELKs-/MJÖLKpulver), hvid/hvit/vit chokolad med sødestof/søtstoff/sötningsmedel 9% (sødestof/søtstoff/sötningsmedel: maltitol, kakaosmör, sødMÆLKs-/HELMELKs-/MJÖLKpulver, emulgator/emulgeringsmedel: lecithin), majsflager/-flak/-flingor (majs, salt, BYG-/BYGG-/KORNmaltextrakt), ristede/rostede JORDNØDDER/PEANØTTER/JORDNÖTTER, kokosfett, stabilisator/stabiliseringsmedel: glycerol, salt, naturlige aromaer/aromer, emulgator/emulgeringsmedel: lecithin, naturlig bourbon vanilje/vanilj aroma/arom (indeholder MÆLK/MELK/MJÖLK). Kan innehålla spor/spår af/av NØDDER/NØTTER/NÖTTER.","<div class=""ql-editor"" data-gramm=""false"" contenteditable=""true""><p><span style=""color: rgb(38, 38, 58);"">Per 100 g:</span></p><p><span style=""color: rgb(58, 58, 58);"">Energi (kcal) 324 kcal</span></p><p><span style=""color: rgb(58, 58, 58);"">Energi (kJ) 1356 kJ</span></p><p><span style=""color: rgb(58, 58, 58);"">Fett 8.8 g</span></p><p><span style=""color: rgb(58, 58, 58);"">-varav mättat fett 4.9 g</span></p><p><span style=""color: rgb(58, 58, 58);"">Kolhydrat 68 g</span></p><p><span style=""color: rgb(58, 58, 58);"">-varav socker 1.8 g</span></p><p><span style=""color: rgb(58, 58, 58);"">Fiber 4.4 g</span></p><p><span style=""color: rgb(58, 58, 58);"">Protein 6.7 g</span></p><p><span style=""color: rgb(58, 58, 58);"">Salt 0.43 g</span></p><p><span style=""color: rgb(58, 58, 58);"">-varav polyoler 40 g</span></p></div><div class=""ql-clipboard"" contenteditable=""true"" tabindex=""-1""></div><div class=""ql-tooltip ql-hidden""><a class=""ql-preview"" target=""_blank"" href=""about:blank""></a><input type=""text"" data-formula=""e=mc^2"" data-link=""https://quilljs.com"" data-video=""Embed URL""><a class=""ql-action""></a><a class=""ql-remove""></a></div>","Förvaras torrt och i rumstemperatur.","<div class=""ql-editor"" data-gramm=""false"" contenteditable=""true""><p><span style=""color: rgb(33, 37, 41);"">Livshem har ambitionen att alltid ge rätt produkt information. Förändringar i produktens innehåll kan ske över tid, kontrollera därför alltid före användning informationen på produktens förpackning.</span></p></div><div class=""ql-clipboard"" contenteditable=""true"" tabindex=""-1""></div><div class=""ql-tooltip ql-hidden""><a class=""ql-preview"" target=""_blank"" href=""about:blank""></a><input type=""text"" data-formula=""e=mc^2"" data-link=""https://quilljs.com"" data-video=""Embed URL""><a class=""ql-action""></a><a class=""ql-remove""></a></div>","","6,95","","347,50 kr/kg","","In Stock","20g","","Snacks","Bars & Hälsokost"
"398","https://livsham2.softwarebyte.co/assets/images/product_image/75415.jpg","Bar Chocolate Proteinbar Vegan Barebells","Godis & snacks","Lager","<div class=""ql-editor"" data-gramm=""false"" contenteditable=""true""><p><span style=""color: rgb(58, 58, 58);"">Vegansk proteinbar med smak av choklad och kakaoöverdrag. Innehåller sötningsmedel. Innehåller naturligt förekommande socker. Utan palmolja.</span></p></div><div class=""ql-clipboard"" contenteditable=""true"" tabindex=""-1""></div><div class=""ql-tooltip ql-hidden""><a class=""ql-preview"" target=""_blank"" href=""about:blank""></a><input type=""text"" data-formula=""e=mc^2"" data-link=""https://quilljs.com"" data-video=""Embed URL""><a class=""ql-action""></a><a class=""ql-remove""></a></div>","Sverige","Protein (SOJA, ärta, ris), fuktighetsbevarande medel (vegetabilisk glycerol), sötningsmedel (maltitol), polydextros, kakaosmör, oligofruktos, SOJAKRISP (SOJAPROTEIN, kakaopulver, tapiokastärkelse), kakaomassa, solrosolja, kakaopulver, surhetsreglerande medel (natriumhydroxid, kaliumkarbonat), rismjöl, arom, emulgeringsmedel (SOJALECITIN) sötningsmedel (sukralos).Kan innehålla spår av GLUTEN, MJÖLK, ÄGG, JORDNÖTTER och NÖTTER.","<div class=""ql-editor"" data-gramm=""false"" contenteditable=""true""><p><span style=""color: rgb(38, 38, 58);"">Per 100 g:</span></p><p><span style=""color: rgb(38, 38, 58);"">Energi 1519 kJ/365 kcal</span></p><p><span style=""color: rgb(38, 38, 58);"">Fett 15 g</span></p><p><span style=""color: rgb(38, 38, 58);"">-varav mättat fett 7.5 g</span></p><p><span style=""color: rgb(38, 38, 58);"">Kolhydrat 37 g</span></p><p><span style=""color: rgb(38, 38, 58);"">-varav sockerarter 1.3 g</span></p><p><span style=""color: rgb(38, 38, 58);"">Fiber 14 g</span></p><p><span style=""color: rgb(38, 38, 58);"">Protein 27 g</span></p><p><span style=""color: rgb(38, 38, 58);"">Salt 0.58 g</span></p></div><div class=""ql-clipboard"" contenteditable=""true"" tabindex=""-1""></div><div class=""ql-tooltip ql-hidden""><a class=""ql-preview"" target=""_blank"" href=""about:blank""></a><input type=""text"" data-formula=""e=mc^2"" data-link=""https://quilljs.com"" data-video=""Embed URL""><a class=""ql-action""></a><a class=""ql-remove""></a></div>","Förvaras torrt och i rumstemperatur.","<div class=""ql-editor"" data-gramm=""false"" contenteditable=""true""><p><span style=""color: rgb(33, 37, 41);"">Livshem har ambitionen att alltid ge rätt produkt information. Förändringar i produktens innehåll kan ske över tid, kontrollera därför alltid före användning informationen på produktens förpackning.</span></p></div><div class=""ql-clipboard"" contenteditable=""true"" tabindex=""-1""></div><div class=""ql-tooltip ql-hidden""><a class=""ql-preview"" target=""_blank"" href=""about:blank""></a><input type=""text"" data-formula=""e=mc^2"" data-link=""https://quilljs.com"" data-video=""Embed URL""><a class=""ql-action""></a><a class=""ql-remove""></a></div>","","21,95","","399,09 kr/kg","","In Stock","55g","","Snacks","Bars & Hälsokost"
"399","https://livsham2.softwarebyte.co/assets/images/product_image/91889.jpg","Salty Peanut Vegan Bar Barebells","Godis & snacks","Lager","<div class=""ql-editor"" data-gramm=""false"" contenteditable=""true""><p><span style=""color: rgb(58, 58, 58);"">Vegansk proteinbar med salta jordnötter (5 %) och kakaoöverdrag. Innehåller sötningsmedel.Innehåller naturligt förekommande socker. Utan palmolja.</span></p></div><div class=""ql-clipboard"" contenteditable=""true"" tabindex=""-1""></div><div class=""ql-tooltip ql-hidden""><a class=""ql-preview"" target=""_blank"" href=""about:blank""></a><input type=""text"" data-formula=""e=mc^2"" data-link=""https://quilljs.com"" data-video=""Embed URL""><a class=""ql-action""></a><a class=""ql-remove""></a></div>","Sverige","Protein (SOJA, ärta, ris), fuktighetsbevarande medel (vegetabilisk glycerol), fiber (polydextros, oligofruktos), sötningsmedel (maltitol, sukralos), kakaosmör, kakaomassa, JORDNÖTTER, SOJAKRISP (SOJAPROTEIN, kakaopulver, tapiokastärkelse), solrosolja, JORDNÖTSSMÖR (JORDNÖTTER; JORDNÖTSOLJA), rismjöl, kakaopulver, arom, salt, emulgeringsmedel (SOJALECITIN).Kan innehålla spår av GLUTEN, MJÖLK, ÄGG och NÖTTER","<div class=""ql-editor"" data-gramm=""false"" contenteditable=""true""><p><span style=""color: rgb(38, 38, 58);"">Per 100 g:</span></p><p><span style=""color: rgb(38, 38, 58);"">Energi 1598 kJ/383</span></p><p><span style=""color: rgb(38, 38, 58);"">Fett 17 g</span></p><p><span style=""color: rgb(38, 38, 58);"">-varav mättat fett 7.4 g</span></p><p><span style=""color: rgb(38, 38, 58);"">Kolhydrat 38 g</span></p><p><span style=""color: rgb(38, 38, 58);"">-varav sockerarter 1.4 g</span></p><p><span style=""color: rgb(38, 38, 58);"">Fiber 12 g</span></p><p><span style=""color: rgb(38, 38, 58);"">Protein 27 g</span></p><p><span style=""color: rgb(38, 38, 58);"">Salt 0.7 g</span></p></div><div class=""ql-clipboard"" contenteditable=""true"" tabindex=""-1""></div><div class=""ql-tooltip ql-hidden""><a class=""ql-preview"" target=""_blank"" href=""about:blank""></a><input type=""text"" data-formula=""e=mc^2"" data-link=""https://quilljs.com"" data-video=""Embed URL""><a class=""ql-action""></a><a class=""ql-remove""></a></div>","Förvaras torrt och i rumstemperatur.","<div class=""ql-editor"" data-gramm=""false"" contenteditable=""true""><p><span style=""color: rgb(33, 37, 41);"">Livshem har ambitionen att alltid ge rätt produkt information. Förändringar i produktens innehåll kan ske över tid, kontrollera därför alltid före användning informationen på produktens förpackning.</span></p></div><div class=""ql-clipboard"" contenteditable=""true"" tabindex=""-1""></div><div class=""ql-tooltip ql-hidden""><a class=""ql-preview"" target=""_blank"" href=""about:blank""></a><input type=""text"" data-formula=""e=mc^2"" data-link=""https://quilljs.com"" data-video=""Embed URL""><a class=""ql-action""></a><a class=""ql-remove""></a></div>","","21,95","","399,09 kr/kg","","In Stock","55g","","Snacks","Bars & Hälsokost"
"400","https://livsham2.softwarebyte.co/assets/images/product_image/49660.jpg","Tonfisk i Solrosolja 3x170g Garant","Fisk & skaldjur","Lager","<div class=""ql-editor"" data-gramm=""false"" contenteditable=""true""><p><span style=""color: rgb(65, 66, 65);"">MSC-certifierade tonfiskfiléer i olja. MSC-certifieringen talar om att tonfisken är ett bra val, fiskad med säkra metoder, hållbara bestånd och med full spårbarhet. Fisken är också fångad från fartyg med höga krav på minsta miljöbelastning.</span></p></div><div class=""ql-clipboard"" contenteditable=""true"" tabindex=""-1""></div><div class=""ql-tooltip ql-hidden""><a class=""ql-preview"" target=""_blank"" href=""about:blank""></a><input type=""text"" data-formula=""e=mc^2"" data-link=""https://quilljs.com"" data-video=""Embed URL""><a class=""ql-action""></a><a class=""ql-remove""></a></div>","Sverige","TONFISK*, solrosolja, salt. *TONFISK av arten SKIPJACK (KATSUWONUS PELAMIS). TONFISKen är fiskad med selektiv ringnot i västra Stilla Havet (FAO 71, 77) eller i östra Indiska Oceanen (FAO 51, 57).","<div class=""ql-editor"" data-gramm=""false"" contenteditable=""true""><p><span style=""color: rgb(38, 38, 58);"">Per 100 g:</span></p><p><span style=""color: rgb(38, 38, 58);"">Energi 798 kJ/191 kcal</span></p><p><span style=""color: rgb(38, 38, 58);"">Fett 10 g</span></p><p><span style=""color: rgb(38, 38, 58);"">-varav mättat fett 1.5 g</span></p><p><span style=""color: rgb(38, 38, 58);"">Kolhydrat 0 g</span></p><p><span style=""color: rgb(38, 38, 58);"">-varav sockerarter 0 g</span></p><p><span style=""color: rgb(38, 38, 58);"">Fiber 0 g</span></p><p><span style=""color: rgb(38, 38, 58);"">Protein 25 g</span></p><p><span style=""color: rgb(38, 38, 58);"">Salt 1 g</span></p></div><div class=""ql-clipboard"" contenteditable=""true"" tabindex=""-1""></div><div class=""ql-tooltip ql-hidden""><a class=""ql-preview"" target=""_blank"" href=""about:blank""></a><input type=""text"" data-formula=""e=mc^2"" data-link=""https://quilljs.com"" data-video=""Embed URL""><a class=""ql-action""></a><a class=""ql-remove""></a></div>","Förvaras torrt och i rumstemperatur.","<div class=""ql-editor"" data-gramm=""false"" contenteditable=""true""><p><span style=""color: rgb(33, 37, 41);"">Livshem har ambitionen att alltid ge rätt produkt information. Förändringar i produktens innehåll kan ske över tid, kontrollera därför alltid före användning informationen på produktens förpackning.</span></p></div><div class=""ql-clipboard"" contenteditable=""true"" tabindex=""-1""></div><div class=""ql-tooltip ql-hidden""><a class=""ql-preview"" target=""_blank"" href=""about:blank""></a><input type=""text"" data-formula=""e=mc^2"" data-link=""https://quilljs.com"" data-video=""Embed URL""><a class=""ql-action""></a><a class=""ql-remove""></a></div>","","67,95","","133,24 kr/kg","","In Stock","510 g","","Fisk & Skaldjurskonserver","Fisk-& skaldjurskonserver"
"401","https://livsham2.softwarebyte.co/assets/images/product_image/19630.jpg","Tonfisk i Olja MSC Eldorado","Fisk & skaldjur","Lager","<div class=""ql-editor"" data-gramm=""false"" contenteditable=""true""><p>Tonfisk i Olja MSC. <span style=""color: rgb(38, 38, 58);"">Tonfisken är fiskad med selektiv ringnot i Indiska Oceanen (FAO 51, 57).</span></p></div><div class=""ql-clipboard"" contenteditable=""true"" tabindex=""-1""></div><div class=""ql-tooltip ql-hidden""><a class=""ql-preview"" target=""_blank"" href=""about:blank""></a><input type=""text"" data-formula=""e=mc^2"" data-link=""https://quilljs.com"" data-video=""Embed URL""><a class=""ql-action""></a><a class=""ql-remove""></a></div>","England","STYCKEN AV TONFISK,* solrosolja, salt. *TONFISK av arten SKIPJACK (KATSUWONUS PELAMIS).","<div class=""ql-editor"" data-gramm=""false"" contenteditable=""true""><p><span style=""color: rgb(38, 38, 58);"">Per 100 g:</span></p><p><span style=""color: rgb(38, 38, 58);"">Energi 832 kJ/199 kcal</span></p><p><span style=""color: rgb(38, 38, 58);"">Fett 11 g</span></p><p><span style=""color: rgb(38, 38, 58);"">- Varav mättat fett 1.3 g</span></p><p><span style=""color: rgb(38, 38, 58);"">Kolhydrat 0 g</span></p><p><span style=""color: rgb(38, 38, 58);"">- Varav sockerarter 0 g</span></p><p><span style=""color: rgb(38, 38, 58);"">Protein 25 g</span></p><p><span style=""color: rgb(38, 38, 58);"">Salt 1.1 g</span></p></div><div class=""ql-clipboard"" contenteditable=""true"" tabindex=""-1""></div><div class=""ql-tooltip ql-hidden""><a class=""ql-preview"" target=""_blank"" href=""about:blank""></a><input type=""text"" data-formula=""e=mc^2"" data-link=""https://quilljs.com"" data-video=""Embed URL""><a class=""ql-action""></a><a class=""ql-remove""></a></div>","Förvaras torrt och i rumstemperatur.","<div class=""ql-editor"" data-gramm=""false"" contenteditable=""true""><p><span style=""color: rgb(33, 37, 41);"">Livshem har ambitionen att alltid ge rätt produkt information. Förändringar i produktens innehåll kan ske över tid, kontrollera därför alltid före användning informationen på produktens förpackning.</span></p></div><div class=""ql-clipboard"" contenteditable=""true"" tabindex=""-1""></div><div class=""ql-tooltip ql-hidden""><a class=""ql-preview"" target=""_blank"" href=""about:blank""></a><input type=""text"" data-formula=""e=mc^2"" data-link=""https://quilljs.com"" data-video=""Embed URL""><a class=""ql-action""></a><a class=""ql-remove""></a></div>","","21,95","","129,12 kr/kg","","In Stock","170g","","Fisk & Skaldjurskonserver","Fisk-& skaldjurskonserver"
"403","https://livsham2.softwarebyte.co/assets/images/product_image/33319.jpg","Sardiner i Tomat Kung Gustaf","Fisk & skaldjur","Lager","<div class=""ql-editor"" data-gramm=""false"" contenteditable=""true""><p>Sardiner i Tomat Kung Gustaf</p></div><div class=""ql-clipboard"" contenteditable=""true"" tabindex=""-1""></div><div class=""ql-tooltip ql-hidden""><a class=""ql-preview"" target=""_blank"" href=""about:blank""></a><input type=""text"" data-formula=""e=mc^2"" data-link=""https://quilljs.com"" data-video=""Embed URL""><a class=""ql-action""></a><a class=""ql-remove""></a></div>","Poland","Tillverkningsland: Polen Kontrollerad av Abba Seafoods laboratorium. Lättrökta sardiner beredda av SKARPSILL (70%), vatten, tomatpuré, rapsolja, salt.","<div class=""ql-editor"" data-gramm=""false"" contenteditable=""true""><p><span style=""color: rgb(38, 38, 58);"">Energi 757 kJ</span></p><p><span style=""color: rgb(38, 38, 58);"">Energi 182 kcal</span></p><p><span style=""color: rgb(38, 38, 58);"">Fett 13 g</span></p><p><span style=""color: rgb(38, 38, 58);"">-varav mättat fett 3.7 g</span></p><p><span style=""color: rgb(38, 38, 58);"">-varav enkelomättat fett 5.2 g</span></p><p><span style=""color: rgb(38, 38, 58);"">-varav fleromättat fett 3.3 g</span></p><p><span style=""color: rgb(38, 38, 58);"">Kolhydrat 1.8 g</span></p><p><span style=""color: rgb(38, 38, 58);"">-varav sockerarter 1.6 g</span></p><p><span style=""color: rgb(38, 38, 58);"">Protein 15 g</span></p><p><span style=""color: rgb(38, 38, 58);"">Motsvarande salt 0.8 g</span></p><p><span style=""color: rgb(38, 38, 58);"">Protein 15 g</span></p><p><span style=""color: rgb(38, 38, 58);"">-varav sockerarter 1.6 g</span></p></div><div class=""ql-clipboard"" contenteditable=""true"" tabindex=""-1""></div><div class=""ql-tooltip ql-hidden""><a class=""ql-preview"" target=""_blank"" href=""about:blank""></a><input type=""text"" data-formula=""e=mc^2"" data-link=""https://quilljs.com"" data-video=""Embed URL""><a class=""ql-action""></a><a class=""ql-remove""></a></div>","Förvaras torrt och i rumstemperatur.","<div class=""ql-editor"" data-gramm=""false"" contenteditable=""true""><p><span style=""color: rgb(33, 37, 41);"">Livshem har ambitionen att alltid ge rätt produkt information. Förändringar i produktens innehåll kan ske över tid, kontrollera därför alltid före användning informationen på produktens förpackning.</span></p></div><div class=""ql-clipboard"" contenteditable=""true"" tabindex=""-1""></div><div class=""ql-tooltip ql-hidden""><a class=""ql-preview"" target=""_blank"" href=""about:blank""></a><input type=""text"" data-formula=""e=mc^2"" data-link=""https://quilljs.com"" data-video=""Embed URL""><a class=""ql-action""></a><a class=""ql-remove""></a></div>","","24,95","","235,38 kr/kg","","In Stock","106g","","Fisk & Skaldjurskonserver","Fisk-& skaldjurskonserver"
"406","https://livsham2.softwarebyte.co/assets/images/product_image/45212.jpg","Rapsolja Eldorado","Skafferi","Lager","<div class=""ql-editor"" data-gramm=""false"" contenteditable=""true""><p>Rapsolja från Eldorado</p></div><div class=""ql-clipboard"" contenteditable=""true"" tabindex=""-1""></div><div class=""ql-tooltip ql-hidden""><a class=""ql-preview"" target=""_blank"" href=""about:blank""></a><input type=""text"" data-formula=""e=mc^2"" data-link=""https://quilljs.com"" data-video=""Embed URL""><a class=""ql-action""></a><a class=""ql-remove""></a></div>","Poland","Raffinerad rapssolja.","<div class=""ql-editor"" data-gramm=""false"" contenteditable=""true""><p><span style=""color: rgb(38, 38, 58);"">Per 100 gram:</span></p><p><span style=""color: rgb(38, 38, 58);"">Energi 3700 kJ/900 kcal</span></p><p><span style=""color: rgb(38, 38, 58);"">Fett 100 g</span></p><p><span style=""color: rgb(38, 38, 58);"">-varav mättat fett 7 g</span></p><p><span style=""color: rgb(38, 38, 58);"">-varav enkelomättat fett 63 g</span></p><p><span style=""color: rgb(38, 38, 58);"">-varav fleromättat fett 30 g</span></p><p><span style=""color: rgb(38, 38, 58);"">Kolhydrat 0 g</span></p><p><span style=""color: rgb(38, 38, 58);"">-varav sockerarter 0 g</span></p><p><span style=""color: rgb(38, 38, 58);"">Protein 0 g</span></p><p><span style=""color: rgb(38, 38, 58);"">Salt 0 g</span></p></div><div class=""ql-clipboard"" contenteditable=""true"" tabindex=""-1""></div><div class=""ql-tooltip ql-hidden""><a class=""ql-preview"" target=""_blank"" href=""about:blank""></a><input type=""text"" data-formula=""e=mc^2"" data-link=""https://quilljs.com"" data-video=""Embed URL""><a class=""ql-action""></a><a class=""ql-remove""></a></div>","Förvaras svalt och mörkt.","<div class=""ql-editor"" data-gramm=""false"" contenteditable=""true""><p>Livshem har ambitionen att alltid ge rätt produkt information. Förändringar i produktens innehåll kan ske över tid, kontrollera därför alltid före användning informationen på produktens förpackning.</p></div><div class=""ql-clipboard"" contenteditable=""true"" tabindex=""-1""></div><div class=""ql-tooltip ql-hidden""><a class=""ql-preview"" target=""_blank"" href=""about:blank""></a><input type=""text"" data-formula=""e=mc^2"" data-link=""https://quilljs.com"" data-video=""Embed URL""><a class=""ql-action""></a><a class=""ql-remove""></a></div>","","28,90","","28,90 kr/l","","In Stock","1l","","Olja & vinäger","Rapsolja"
"407","https://livsham2.softwarebyte.co/assets/images/product_image/92376.jpg","Rapsolja Eldorado","Skafferi","Lager","<div class=""ql-editor"" data-gramm=""false"" contenteditable=""true""><p>Rapsolja från Eldorado.</p></div><div class=""ql-clipboard"" contenteditable=""true"" tabindex=""-1""></div><div class=""ql-tooltip ql-hidden""><a class=""ql-preview"" target=""_blank"" href=""about:blank""></a><input type=""text"" data-formula=""e=mc^2"" data-link=""https://quilljs.com"" data-video=""Embed URL""><a class=""ql-action""></a><a class=""ql-remove""></a></div>","Poland","Raffinerad rapsolja.","<div class=""ql-editor"" data-gramm=""false"" contenteditable=""true""><p><span style=""color: rgb(38, 38, 58);"">Per 100 gram:</span></p><p><span style=""color: rgb(38, 38, 58);"">Energi 3700 kJ/900 kcal</span></p><p><span style=""color: rgb(38, 38, 58);"">Fett 100 g</span></p><p><span style=""color: rgb(38, 38, 58);"">-varav mättat fett 7 g</span></p><p><span style=""color: rgb(38, 38, 58);"">-varav enkelomättat fett 63 g</span></p><p><span style=""color: rgb(38, 38, 58);"">-varav fleromättat fett 30 g</span></p><p><span style=""color: rgb(38, 38, 58);"">Kolhydrat 0 g</span></p><p><span style=""color: rgb(38, 38, 58);"">-varav sockerarter 0 g</span></p><p><span style=""color: rgb(38, 38, 58);"">Protein 0 g</span></p><p><span style=""color: rgb(38, 38, 58);"">Salt 0 g</span></p></div><div class=""ql-clipboard"" contenteditable=""true"" tabindex=""-1""></div><div class=""ql-tooltip ql-hidden""><a class=""ql-preview"" target=""_blank"" href=""about:blank""></a><input type=""text"" data-formula=""e=mc^2"" data-link=""https://quilljs.com"" data-video=""Embed URL""><a class=""ql-action""></a><a class=""ql-remove""></a></div>","Förvaras svalt och mörkt.","<div class=""ql-editor"" data-gramm=""false"" contenteditable=""true""><p>Livshem har ambitionen att alltid ge rätt produkt information. Förändringar i produktens innehåll kan ske över tid, kontrollera därför alltid före användning informationen på produktens förpackning.</p></div><div class=""ql-clipboard"" contenteditable=""true"" tabindex=""-1""></div><div class=""ql-tooltip ql-hidden""><a class=""ql-preview"" target=""_blank"" href=""about:blank""></a><input type=""text"" data-formula=""e=mc^2"" data-link=""https://quilljs.com"" data-video=""Embed URL""><a class=""ql-action""></a><a class=""ql-remove""></a></div>","","56,90","","28,45 kr/l","","In Stock","2l","","Olja & vinäger","Rapsolja"
"408","https://livsham2.softwarebyte.co/assets/images/product_image/20555.jpg","Rapsolja Zeta","Skafferi","Lager","<div class=""ql-editor"" data-gramm=""false"" contenteditable=""true""><h4>Zeta Rapsolja är raffinerad vilket ger oljan en mycket mild smak och neutral doft. Rapsolja är perfekt till sås och sallad och att steka i.</h4></div><div class=""ql-clipboard"" contenteditable=""true"" tabindex=""-1""></div><div class=""ql-tooltip ql-hidden""><a class=""ql-preview"" target=""_blank"" href=""about:blank""></a><input type=""text"" data-formula=""e=mc^2"" data-link=""https://quilljs.com"" data-video=""Embed URL""><a class=""ql-action""></a><a class=""ql-remove""></a></div>","Litauen","Raffinerad rapsolja.","<div class=""ql-editor"" data-gramm=""false"" contenteditable=""true""><p><span style=""color: rgb(38, 38, 58);"">Per 100 ml:</span></p><p><span style=""color: rgb(38, 38, 58);"">Energi 3404 kJ/828 kcal</span></p><p><span style=""color: rgb(38, 38, 58);"">Fett 92 g</span></p><p><span style=""color: rgb(38, 38, 58);"">-varav mättat fett 7 g</span></p><p><span style=""color: rgb(38, 38, 58);"">-varav enkelomättat fett 57 g</span></p><p><span style=""color: rgb(38, 38, 58);"">-varav fleromättat fett 28 g</span></p><p><span style=""color: rgb(38, 38, 58);"">Kolhydrat 0 g</span></p><p><span style=""color: rgb(38, 38, 58);"">-varav sockerarter 0 g</span></p><p><span style=""color: rgb(38, 38, 58);"">Protein 0 g</span></p><p><span style=""color: rgb(38, 38, 58);"">Salt 0 g</span></p><p><span style=""color: rgb(38, 38, 58);"">Omega-3 7.6 g</span></p></div><div class=""ql-clipboard"" contenteditable=""true"" tabindex=""-1""></div><div class=""ql-tooltip ql-hidden""><a class=""ql-preview"" target=""_blank"" href=""about:blank""></a><input type=""text"" data-formula=""e=mc^2"" data-link=""https://quilljs.com"" data-video=""Embed URL""><a class=""ql-action""></a><a class=""ql-remove""></a></div>","När flaskan öppnats bör den stå mörkt och svalt med tillsluten kapsyl.","<div class=""ql-editor"" data-gramm=""false"" contenteditable=""true""><p>Livshem har ambitionen att alltid ge rätt produkt information. Förändringar i produktens innehåll kan ske över tid, kontrollera därför alltid före användning informationen på produktens förpackning.</p></div><div class=""ql-clipboard"" contenteditable=""true"" tabindex=""-1""></div><div class=""ql-tooltip ql-hidden""><a class=""ql-preview"" target=""_blank"" href=""about:blank""></a><input type=""text"" data-formula=""e=mc^2"" data-link=""https://quilljs.com"" data-video=""Embed URL""><a class=""ql-action""></a><a class=""ql-remove""></a></div>","","35,95","","39,94 kr/l","","In Stock","900cl","","Olja & vinäger","Rapsolja"
"409","https://livsham2.softwarebyte.co/assets/images/product_image/38493.jpg","Matolja Eldorado","Skafferi","Lager","<div class=""ql-editor"" data-gramm=""false"" contenteditable=""true""><p>Matolja från Eldorado.</p><p><br></p><p><strong>Användarinstruktioner:</strong></p><p>Upphetta inte oljan över 180°C. Värm alltid oljan utan lock. Om oljan börjar ryka kan den fatta eld – stäng då av spisen och lägg på locket. Använd aldrig vatten! KÄLLSORTERING: Sorteras som plastförpackning.</p></div><div class=""ql-clipboard"" contenteditable=""true"" tabindex=""-1""></div><div class=""ql-tooltip ql-hidden""><a class=""ql-preview"" target=""_blank"" href=""about:blank""></a><input type=""text"" data-formula=""e=mc^2"" data-link=""https://quilljs.com"" data-video=""Embed URL""><a class=""ql-action""></a><a class=""ql-remove""></a></div>","Poland","","<div class=""ql-editor"" data-gramm=""false"" contenteditable=""true""><p><span style=""color: rgb(38, 38, 58);"">Per 100 gram:</span></p><p><span style=""color: rgb(38, 38, 58);"">Energi 3700 kJ/900 kcal</span></p><p><span style=""color: rgb(38, 38, 58);"">Fett 100 g</span></p><p><span style=""color: rgb(38, 38, 58);"">-varav mättat fett 9 g</span></p><p><span style=""color: rgb(38, 38, 58);"">-varav enkelomättat fett 45 g</span></p><p><span style=""color: rgb(38, 38, 58);"">-varav fleromättat fett 46 g</span></p><p><span style=""color: rgb(38, 38, 58);"">Kolhydrat 0 g</span></p><p><span style=""color: rgb(38, 38, 58);"">-varav sockerarter 0 g</span></p><p><span style=""color: rgb(38, 38, 58);"">Protein 0 g</span></p><p><span style=""color: rgb(38, 38, 58);"">Salt 0 g</span></p></div><div class=""ql-clipboard"" contenteditable=""true"" tabindex=""-1""></div><div class=""ql-tooltip ql-hidden""><a class=""ql-preview"" target=""_blank"" href=""about:blank""></a><input type=""text"" data-formula=""e=mc^2"" data-link=""https://quilljs.com"" data-video=""Embed URL""><a class=""ql-action""></a><a class=""ql-remove""></a></div>","Förvaras i rumstemperatur. Öppnad förpackning förvaras i rumstemperatur. Undvik direkt solljus.","<div class=""ql-editor"" data-gramm=""false"" contenteditable=""true""><p>Livshem har ambitionen att alltid ge rätt produkt information. Förändringar i produktens innehåll kan ske över tid, kontrollera därför alltid före användning informationen på produktens förpackning.</p></div><div class=""ql-clipboard"" contenteditable=""true"" tabindex=""-1""></div><div class=""ql-tooltip ql-hidden""><a class=""ql-preview"" target=""_blank"" href=""about:blank""></a><input type=""text"" data-formula=""e=mc^2"" data-link=""https://quilljs.com"" data-video=""Embed URL""><a class=""ql-action""></a><a class=""ql-remove""></a></div>","","36,90","","36,90 kr/l","","In Stock","1l","","Olja & vinäger","Övriga oljor"
"410","https://livsham2.softwarebyte.co/assets/images/product_image/12226.jpg","Solrosolja Eldorado","Skafferi","Lager","<div class=""ql-editor"" data-gramm=""false"" contenteditable=""true""><p>Solrosolja från Eldorado</p><p><br></p><p><strong>Användarinstruktioner</strong>:</p><p><span style=""color: rgb(65, 66, 65);"">Värm alltid oljan utan lock. Om oljan börjar ryka kan den fatta eld – stäng då av spisen och lägg på locket. Använd aldrig vatten!&nbsp;</span></p></div><div class=""ql-clipboard"" contenteditable=""true"" tabindex=""-1""></div><div class=""ql-tooltip ql-hidden""><a class=""ql-preview"" target=""_blank"" href=""about:blank""></a><input type=""text"" data-formula=""e=mc^2"" data-link=""https://quilljs.com"" data-video=""Embed URL""><a class=""ql-action""></a><a class=""ql-remove""></a></div>","Litauen","Raffinerad solrosolja.","<div class=""ql-editor"" data-gramm=""false"" contenteditable=""true""><p><span style=""color: rgb(38, 38, 58);"">Per 100 gram:</span></p><p><span style=""color: rgb(38, 38, 58);"">Energi 3404 kJ/828 kcal</span></p><p><span style=""color: rgb(38, 38, 58);"">Fett 92 g</span></p><p><span style=""color: rgb(38, 38, 58);"">-varav mättat fett 10 g</span></p><p><span style=""color: rgb(38, 38, 58);"">-varav enkelomättat fett 427 g</span></p><p><span style=""color: rgb(38, 38, 58);"">-varav fleromättat fett 63 g</span></p><p><span style=""color: rgb(38, 38, 58);"">Kolhydrat 0 g</span></p><p><span style=""color: rgb(38, 38, 58);"">-varav sockerarter 0 g</span></p><p><span style=""color: rgb(38, 38, 58);"">Protein 0 g</span></p><p><span style=""color: rgb(38, 38, 58);"">Salt 0 g</span></p></div><div class=""ql-clipboard"" contenteditable=""true"" tabindex=""-1""></div><div class=""ql-tooltip ql-hidden""><a class=""ql-preview"" target=""_blank"" href=""about:blank""></a><input type=""text"" data-formula=""e=mc^2"" data-link=""https://quilljs.com"" data-video=""Embed URL""><a class=""ql-action""></a><a class=""ql-remove""></a></div>","Förvaras i rumstemperatur. Öppnad förpackning förvaras torrt och svalt.","<div class=""ql-editor"" data-gramm=""false"" contenteditable=""true""><p>Livshem har ambitionen att alltid ge rätt produkt information. Förändringar i produktens innehåll kan ske över tid, kontrollera därför alltid före användning informationen på produktens förpackning.</p></div><div class=""ql-clipboard"" contenteditable=""true"" tabindex=""-1""></div><div class=""ql-tooltip ql-hidden""><a class=""ql-preview"" target=""_blank"" href=""about:blank""></a><input type=""text"" data-formula=""e=mc^2"" data-link=""https://quilljs.com"" data-video=""Embed URL""><a class=""ql-action""></a><a class=""ql-remove""></a></div>","","34,90","","34,90 kr/l","","In Stock","1l","","Olja & vinäger","Övriga oljor"
"411","https://livsham2.softwarebyte.co/assets/images/product_image/92447.jpg","Äppelcidervinäger Zeta","Skafferi","Lager","<div class=""ql-editor"" data-gramm=""false"" contenteditable=""true""><h4>Zeta Äppelcidervinäger framställs i Italien, av solmogna äpplen. Utmärkt till allt från rostade grönsaker till äppeldesserter.</h4></div><div class=""ql-clipboard"" contenteditable=""true"" tabindex=""-1""></div><div class=""ql-tooltip ql-hidden""><a class=""ql-preview"" target=""_blank"" href=""about:blank""></a><input type=""text"" data-formula=""e=mc^2"" data-link=""https://quilljs.com"" data-video=""Embed URL""><a class=""ql-action""></a><a class=""ql-remove""></a></div>","Italien","Äppelcider, antioxidationsmedel E220 (SVAVELDIOXID).","<div class=""ql-editor"" data-gramm=""false"" contenteditable=""true""><p><span style=""color: rgb(38, 38, 58);"">Per 100 ml:</span></p><p><span style=""color: rgb(38, 38, 58);"">Energi 92 kJ/21 kcal</span></p><p><span style=""color: rgb(38, 38, 58);"">Fett 0 g</span></p><p><span style=""color: rgb(38, 38, 58);"">-varav mättat fett 0 g</span></p><p><span style=""color: rgb(38, 38, 58);"">Kolhydrat 1.5 g</span></p><p><span style=""color: rgb(38, 38, 58);"">-varav sockerarter 1.5 g</span></p><p><span style=""color: rgb(38, 38, 58);"">Protein 0 g</span></p><p><span style=""color: rgb(38, 38, 58);"">Salt 0.01 g</span></p></div><div class=""ql-clipboard"" contenteditable=""true"" tabindex=""-1""></div><div class=""ql-tooltip ql-hidden""><a class=""ql-preview"" target=""_blank"" href=""about:blank""></a><input type=""text"" data-formula=""e=mc^2"" data-link=""https://quilljs.com"" data-video=""Embed URL""><a class=""ql-action""></a><a class=""ql-remove""></a></div>","Förvaras vid högst 25°C.","<div class=""ql-editor"" data-gramm=""false"" contenteditable=""true""><p>Livshem har ambitionen att alltid ge rätt produkt information. Förändringar i produktens innehåll kan ske över tid, kontrollera därför alltid före användning informationen på produktens förpackning.</p></div><div class=""ql-clipboard"" contenteditable=""true"" tabindex=""-1""></div><div class=""ql-tooltip ql-hidden""><a class=""ql-preview"" target=""_blank"" href=""about:blank""></a><input type=""text"" data-formula=""e=mc^2"" data-link=""https://quilljs.com"" data-video=""Embed URL""><a class=""ql-action""></a><a class=""ql-remove""></a></div>","","34,95","","69:90 kr/l","","In Stock","500ml","","Olja & vinäger","Vinäger & matlagningsvin"
"412","https://livsham2.softwarebyte.co/assets/images/product_image/64790.jpg","Vitvinsvinäger Reserva Zeta","Skafferi","Lager","<div class=""ql-editor"" data-gramm=""false"" contenteditable=""true""><h4>Zeta Vitvinsvinäger har en mjuk smak där vinets karaktär bevaras. Utmärkt i dressing och i matlagning. Några droppar i en sås eller gryta ger extra fyllighet.</h4></div><div class=""ql-clipboard"" contenteditable=""true"" tabindex=""-1""></div><div class=""ql-tooltip ql-hidden""><a class=""ql-preview"" target=""_blank"" href=""about:blank""></a><input type=""text"" data-formula=""e=mc^2"" data-link=""https://quilljs.com"" data-video=""Embed URL""><a class=""ql-action""></a><a class=""ql-remove""></a></div>","Italien","Vin (innehåller SULFITER).","<div class=""ql-editor"" data-gramm=""false"" contenteditable=""true""><p>Per 100 gram:</p><p>Energi 108 kJ/25 kcal</p><p>Fett 0 g</p><p>-varav mättat fett 0 g</p><p>Kolhydrat 0.5 g</p><p>-varav sockerarter 0.5 g</p><p>Protein 0 g</p><p>Salt 0.04 g</p></div><div class=""ql-clipboard"" contenteditable=""true"" tabindex=""-1""></div><div class=""ql-tooltip ql-hidden""><a class=""ql-preview"" target=""_blank"" href=""about:blank""></a><input type=""text"" data-formula=""e=mc^2"" data-link=""https://quilljs.com"" data-video=""Embed URL""><a class=""ql-action""></a><a class=""ql-remove""></a></div>","Förvaras vid högst 25°C.","<div class=""ql-editor"" data-gramm=""false"" contenteditable=""true""><p>Livshem har ambitionen att alltid ge rätt produkt information. Förändringar i produktens innehåll kan ske över tid, kontrollera därför alltid före användning informationen på produktens förpackning.</p></div><div class=""ql-clipboard"" contenteditable=""true"" tabindex=""-1""></div><div class=""ql-tooltip ql-hidden""><a class=""ql-preview"" target=""_blank"" href=""about:blank""></a><input type=""text"" data-formula=""e=mc^2"" data-link=""https://quilljs.com"" data-video=""Embed URL""><a class=""ql-action""></a><a class=""ql-remove""></a></div>","","28,95","","115:80 kr/l","","In Stock","250ml","","Olja & vinäger","Vinäger & matlagningsvin"
"413","https://livsham2.softwarebyte.co/assets/images/product_image/26279.jpg","Rödvinsvinäger Reserva","Skafferi","Lager","<div class=""ql-editor"" data-gramm=""false"" contenteditable=""true""><h4>Zeta Rödvinsvinäger har en mjuk, fyllig smak där vinets karaktär finns kvar. Utmärkt i dressing, i varm matlagning och i marinader för kött och grönt.</h4></div><div class=""ql-clipboard"" contenteditable=""true"" tabindex=""-1""></div><div class=""ql-tooltip ql-hidden""><a class=""ql-preview"" target=""_blank"" href=""about:blank""></a><input type=""text"" data-formula=""e=mc^2"" data-link=""https://quilljs.com"" data-video=""Embed URL""><a class=""ql-action""></a><a class=""ql-remove""></a></div>","Italien","Vin (innehåller SULFITER).","<div class=""ql-editor"" data-gramm=""false"" contenteditable=""true""><p>Per 100 gram:</p><p>Energi 108 kJ/25 kcal</p><p>Fett 0 g</p><p>-varav mättat fett 0 g</p><p>Kolhydrat 0.5 g</p><p>-varav sockerarter 0.5 g</p><p>Protein 0 g</p><p>Salt 0.04 g</p></div><div class=""ql-clipboard"" contenteditable=""true"" tabindex=""-1""></div><div class=""ql-tooltip ql-hidden""><a class=""ql-preview"" target=""_blank"" href=""about:blank""></a><input type=""text"" data-formula=""e=mc^2"" data-link=""https://quilljs.com"" data-video=""Embed URL""><a class=""ql-action""></a><a class=""ql-remove""></a></div>","Förvaras vid högst 25°C.","<div class=""ql-editor"" data-gramm=""false"" contenteditable=""true""><p>Livshem har ambitionen att alltid ge rätt produkt information. Förändringar i produktens innehåll kan ske över tid, kontrollera därför alltid före användning informationen på produktens förpackning.</p></div><div class=""ql-clipboard"" contenteditable=""true"" tabindex=""-1""></div><div class=""ql-tooltip ql-hidden""><a class=""ql-preview"" target=""_blank"" href=""about:blank""></a><input type=""text"" data-formula=""e=mc^2"" data-link=""https://quilljs.com"" data-video=""Embed URL""><a class=""ql-action""></a><a class=""ql-remove""></a></div>","","28,95","","115:80 kr/l","","In Stock","250ml","","Olja & vinäger","Vinäger & matlagningsvin"
"414","https://livsham2.softwarebyte.co/assets/images/product_image/14842.jpg","Vinäger Crema Di Balsamico Zeta","Skafferi","Lager","<div class=""ql-editor"" data-gramm=""false"" contenteditable=""true""><h4>Zeta Crema con ""Aceto Balsamico di Modena I.G.P."" är en krämig, fyllig balsamvinäger. God att ringla över kött, grönsaker, ostar, glass och andra desserter.</h4></div><div class=""ql-clipboard"" contenteditable=""true"" tabindex=""-1""></div><div class=""ql-tooltip ql-hidden""><a class=""ql-preview"" target=""_blank"" href=""about:blank""></a><input type=""text"" data-formula=""e=mc^2"" data-link=""https://quilljs.com"" data-video=""Embed URL""><a class=""ql-action""></a><a class=""ql-remove""></a></div>","Italien","92% (vinäger av vin [innehåller SULFITER]), kokt druvmust, färgämne E150d [innehåller SULFITER]), kokt druvmust, glukossirap, modifierad majsstärkelse, maltodextrin, dextros, förtjockningsmedel E415.","<div class=""ql-editor"" data-gramm=""false"" contenteditable=""true""><p>Per 100 gram:</p><p>Energi 907 kJ/213 kcal</p><p>Fett 0 g</p><p>-varav mättat fett 0 g</p><p>Kolhydrat 51 g</p><p>-varav sockerarter 42 g</p><p>Protein &lt;0.5 g</p><p>Salt 0.16 g</p></div><div class=""ql-clipboard"" contenteditable=""true"" tabindex=""-1""></div><div class=""ql-tooltip ql-hidden""><a class=""ql-preview"" target=""_blank"" href=""about:blank""></a><input type=""text"" data-formula=""e=mc^2"" data-link=""https://quilljs.com"" data-video=""Embed URL""><a class=""ql-action""></a><a class=""ql-remove""></a></div>","Förvaras vid högst 25°C.","<div class=""ql-editor"" data-gramm=""false"" contenteditable=""true""><p>Livshem har ambitionen att alltid ge rätt produkt information. Förändringar i produktens innehåll kan ske över tid, kontrollera därför alltid före användning informationen på produktens förpackning.</p></div><div class=""ql-clipboard"" contenteditable=""true"" tabindex=""-1""></div><div class=""ql-tooltip ql-hidden""><a class=""ql-preview"" target=""_blank"" href=""about:blank""></a><input type=""text"" data-formula=""e=mc^2"" data-link=""https://quilljs.com"" data-video=""Embed URL""><a class=""ql-action""></a><a class=""ql-remove""></a></div>","","51,90","","288,34 kr/kg","","In Stock","180g","","Olja & vinäger","Vinäger & matlagningsvin"
"415","https://livsham2.softwarebyte.co/assets/images/product_image/11774.jpg","Balsamvinäger Extra Lagrad Zeta","Skafferi","Lager","<div class=""ql-editor"" data-gramm=""false"" contenteditable=""true""><h4>Zeta balsamvinäger Sigillo Rosso tillverkas i Modena, balsamicons hemprovins. Lång lagring av druvmust. Perfekt till sallad, grillat kött och såser.</h4></div><div class=""ql-clipboard"" contenteditable=""true"" tabindex=""-1""></div><div class=""ql-tooltip ql-hidden""><a class=""ql-preview"" target=""_blank"" href=""about:blank""></a><input type=""text"" data-formula=""e=mc^2"" data-link=""https://quilljs.com"" data-video=""Embed URL""><a class=""ql-action""></a><a class=""ql-remove""></a></div>","Italien","Vinäger av vin, koncentrerad druvmust 40%. Syrahalt 6%.","<div class=""ql-editor"" data-gramm=""false"" contenteditable=""true""><p><span style=""color: rgb(38, 38, 58);"">Per 100 gram:</span></p><p><span style=""color: rgb(38, 38, 58);"">Energi 539 kJ/127 kcal</span></p><p><span style=""color: rgb(38, 38, 58);"">Fett 0 g</span></p><p><span style=""color: rgb(38, 38, 58);"">-varav mättat fett 0 g</span></p><p><span style=""color: rgb(38, 38, 58);"">Kolhydrat 27 g</span></p><p><span style=""color: rgb(38, 38, 58);"">-varav sockerarter 27 g</span></p><p><span style=""color: rgb(38, 38, 58);"">Protein 0 g</span></p><p><span style=""color: rgb(38, 38, 58);"">Salt 0.05 g</span></p></div><div class=""ql-clipboard"" contenteditable=""true"" tabindex=""-1""></div><div class=""ql-tooltip ql-hidden""><a class=""ql-preview"" target=""_blank"" href=""about:blank""></a><input type=""text"" data-formula=""e=mc^2"" data-link=""https://quilljs.com"" data-video=""Embed URL""><a class=""ql-action""></a><a class=""ql-remove""></a></div>","Förvaras vid högst 25°C.","<div class=""ql-editor"" data-gramm=""false"" contenteditable=""true""><p>Livshem har ambitionen att alltid ge rätt produkt information. Förändringar i produktens innehåll kan ske över tid, kontrollera därför alltid före användning informationen på produktens förpackning.</p></div><div class=""ql-clipboard"" contenteditable=""true"" tabindex=""-1""></div><div class=""ql-tooltip ql-hidden""><a class=""ql-preview"" target=""_blank"" href=""about:blank""></a><input type=""text"" data-formula=""e=mc^2"" data-link=""https://quilljs.com"" data-video=""Embed URL""><a class=""ql-action""></a><a class=""ql-remove""></a></div>","","53,95","","107,90 kr/l","","In Stock","500ml","","Olja & vinäger","Vinäger & matlagningsvin"
"416","https://livsham2.softwarebyte.co/assets/images/product_image/34817.jpg","Matlagningsvin Rött Zeta","Skafferi","Lager","<div class=""ql-editor"" data-gramm=""false"" contenteditable=""true""><h4>Zeta Matlagningsvin Rött förhöjer smaken på köttgrytor, såser, soppor och andra rätter där recept innehåller rött vin.</h4></div><div class=""ql-clipboard"" contenteditable=""true"" tabindex=""-1""></div><div class=""ql-tooltip ql-hidden""><a class=""ql-preview"" target=""_blank"" href=""about:blank""></a><input type=""text"" data-formula=""e=mc^2"" data-link=""https://quilljs.com"" data-video=""Embed URL""><a class=""ql-action""></a><a class=""ql-remove""></a></div>","Italien","Rött vin, antioxidationsmedel E220 (SVAVELDIOXID).","<div class=""ql-editor"" data-gramm=""false"" contenteditable=""true""><p>Per 100 ml:</p><p>Energi 146 kJ/35 kcal</p><p>Fett 0 g</p><p>-varav mättat fett 0 g</p><p>Kolhydrat 5 g</p><p>-varav sockerarter 5 g</p><p>Protein 0 g</p><p>Salt 0 g</p></div><div class=""ql-clipboard"" contenteditable=""true"" tabindex=""-1""></div><div class=""ql-tooltip ql-hidden""><a class=""ql-preview"" target=""_blank"" href=""about:blank""></a><input type=""text"" data-formula=""e=mc^2"" data-link=""https://quilljs.com"" data-video=""Embed URL""><a class=""ql-action""></a><a class=""ql-remove""></a></div>","Förvaras vid högst 25°C.","<div class=""ql-editor"" data-gramm=""false"" contenteditable=""true""><p>Livshem har ambitionen att alltid ge rätt produkt information. Förändringar i produktens innehåll kan ske över tid, kontrollera därför alltid före användning informationen på produktens förpackning.</p></div><div class=""ql-clipboard"" contenteditable=""true"" tabindex=""-1""></div><div class=""ql-tooltip ql-hidden""><a class=""ql-preview"" target=""_blank"" href=""about:blank""></a><input type=""text"" data-formula=""e=mc^2"" data-link=""https://quilljs.com"" data-video=""Embed URL""><a class=""ql-action""></a><a class=""ql-remove""></a></div>","","35,50","","142,00 kr/l","","In Stock","250ml","","Olja & vinäger","Vinäger & matlagningsvin"
"417","https://livsham2.softwarebyte.co/assets/images/product_image/64709.jpg","Matlagningsvin Vitt Zeta","Skafferi","Lager","<div class=""ql-editor"" data-gramm=""false"" contenteditable=""true""><h4>Zeta Matlagningsvin Vitt förhöjer smaken på kycklinggrytor, fiskrätter, såser, soppor och alla andra där receptet säger torrt vitt vin.</h4></div><div class=""ql-clipboard"" contenteditable=""true"" tabindex=""-1""></div><div class=""ql-tooltip ql-hidden""><a class=""ql-preview"" target=""_blank"" href=""about:blank""></a><input type=""text"" data-formula=""e=mc^2"" data-link=""https://quilljs.com"" data-video=""Embed URL""><a class=""ql-action""></a><a class=""ql-remove""></a></div>","Italien","Vitt vin, antioxidationsmedel E220 (SVAVELDIOXID).","<div class=""ql-editor"" data-gramm=""false"" contenteditable=""true""><p>Per 100 ml:</p><p>Energi 146 kJ/35 kcal</p><p>Fett 0 g</p><p>-varav mättat fett 0 g</p><p>Kolhydrat 5 g</p><p>-varav sockerarter 5 g</p><p>Protein 0 g</p><p>Salt 0 g</p></div><div class=""ql-clipboard"" contenteditable=""true"" tabindex=""-1""></div><div class=""ql-tooltip ql-hidden""><a class=""ql-preview"" target=""_blank"" href=""about:blank""></a><input type=""text"" data-formula=""e=mc^2"" data-link=""https://quilljs.com"" data-video=""Embed URL""><a class=""ql-action""></a><a class=""ql-remove""></a></div>","Förvaras vid högst 25°C.","<div class=""ql-editor"" data-gramm=""false"" contenteditable=""true""><p>Livshem har ambitionen att alltid ge rätt produkt information. Förändringar i produktens innehåll kan ske över tid, kontrollera därför alltid före användning informationen på produktens förpackning.</p></div><div class=""ql-clipboard"" contenteditable=""true"" tabindex=""-1""></div><div class=""ql-tooltip ql-hidden""><a class=""ql-preview"" target=""_blank"" href=""about:blank""></a><input type=""text"" data-formula=""e=mc^2"" data-link=""https://quilljs.com"" data-video=""Embed URL""><a class=""ql-action""></a><a class=""ql-remove""></a></div>","","35,50","","142,00 kr/l","","In Stock","250ml","","Olja & vinäger","Vinäger & matlagningsvin"
"418","https://livsham2.softwarebyte.co/assets/images/product_image/79791.jpg","Ättikssprit 12%","Skafferi","Lager","<div class=""ql-editor"" data-gramm=""false"" contenteditable=""true""><h4>Winborgs Ättiksprit 12% är en naturlig biologisk ättiksprit tillverkad i Sverige. En naturlig smaksättare med lång hållbarhet som är en basvara i många svenska hem. Ättiksprit används bland annat vid inläggningar av grönsaker, sill och strömming samt som syragivare och smakhöjare i såser, dressingar (istället för vinäger), sallader eller sushiris. En klassisk ättikslag för inläggning / pickling kallas 1-2-3-lag och görs med 1 del Winborgs Ättiksprit, 2 delar socker och 3 delar vatten. Med ättikslagen kan du göra så mycket gott: Picklad rödlök till hamburgare eller grillat. Traditionell pressgurka, ”snabbinlagd gurka”, till köttbullarna. Inlagda rödbetor, smörgåsgurka eller syltlök. God inlagd sill som kan varieras i det oändliga. Att lägga in och pickla är också ett perfekt sätt att minska matsvinnet och bevara grönsaker du köpt eller odlat för att kunna njuta av dem lite längre. Ättiksprit kan också användas för miljövänlig städning och rengöring. Använd Winborgs Ättiksprit för avkalkning av din kaffebryggare eller tvättmaskin. Eller gör ett effektivt rengöringsmedel genom att blanda 2 dl vatten, 1 dl ättiksprit och lite såpa. Winborgs är Kunglig Hovleverantör och ett av Nordens äldsta livsmedelsföretag. Varumärket föddes i mitten av 1800-talet, och i fabriken på Södermalm i Stockholm tillverkades ättika och smaksättare av olika slag. I dag ingår det uppskattade varumärket Winborgs i Unilever. I Winborgs sortiment finns också Winborgs Riven pepparrot – en klassisk och uppskattat smaksättare som förhöjer din matlagning och som passar utmärkt till både kött och fisk samt i såser.</h4></div><div class=""ql-clipboard"" contenteditable=""true"" tabindex=""-1""></div><div class=""ql-tooltip ql-hidden""><a class=""ql-preview"" target=""_blank"" href=""about:blank""></a><input type=""text"" data-formula=""e=mc^2"" data-link=""https://quilljs.com"" data-video=""Embed URL""><a class=""ql-action""></a><a class=""ql-remove""></a></div>","Sverige","Naturlig biologisk ättikssprit, 12% ättiksyra.","<div class=""ql-editor ql-blank"" data-gramm=""false"" contenteditable=""true""><p><br></p></div><div class=""ql-clipboard"" contenteditable=""true"" tabindex=""-1""></div><div class=""ql-tooltip ql-hidden""><a class=""ql-preview"" target=""_blank"" href=""about:blank""></a><input type=""text"" data-formula=""e=mc^2"" data-link=""https://quilljs.com"" data-video=""Embed URL""><a class=""ql-action""></a><a class=""ql-remove""></a></div>","Förvaras vid högst 25°C.","<div class=""ql-editor"" data-gramm=""false"" contenteditable=""true""><p>Livshem har ambitionen att alltid ge rätt produkt information. Förändringar i produktens innehåll kan ske över tid, kontrollera därför alltid före användning informationen på produktens förpackning.</p></div><div class=""ql-clipboard"" contenteditable=""true"" tabindex=""-1""></div><div class=""ql-tooltip ql-hidden""><a class=""ql-preview"" target=""_blank"" href=""about:blank""></a><input type=""text"" data-formula=""e=mc^2"" data-link=""https://quilljs.com"" data-video=""Embed URL""><a class=""ql-action""></a><a class=""ql-remove""></a></div>","","20,95","","41,90 kr/l","","In Stock","500ml","","Olja & vinäger","Ättika"
"419","https://livsham2.softwarebyte.co/assets/images/product_image/40884.jpg","Ättiksprit 12% Eldorado","Skafferi","Lager","<div class=""ql-editor"" data-gramm=""false"" contenteditable=""true""><h4>Ättiksprit 12% från Eldorado</h4></div><div class=""ql-clipboard"" contenteditable=""true"" tabindex=""-1""></div><div class=""ql-tooltip ql-hidden""><a class=""ql-preview"" target=""_blank"" href=""about:blank""></a><input type=""text"" data-formula=""e=mc^2"" data-link=""https://quilljs.com"" data-video=""Embed URL""><a class=""ql-action""></a><a class=""ql-remove""></a></div>","Nederländerna","12%-ig ättiksprit.","<div class=""ql-editor ql-blank"" data-gramm=""false"" contenteditable=""true""><p><br></p></div><div class=""ql-clipboard"" contenteditable=""true"" tabindex=""-1""></div><div class=""ql-tooltip ql-hidden""><a class=""ql-preview"" target=""_blank"" href=""about:blank""></a><input type=""text"" data-formula=""e=mc^2"" data-link=""https://quilljs.com"" data-video=""Embed URL""><a class=""ql-action""></a><a class=""ql-remove""></a></div>","Förvaras vid högst 25°C.","<div class=""ql-editor"" data-gramm=""false"" contenteditable=""true""><p>Livshem har ambitionen att alltid ge rätt produkt information. Förändringar i produktens innehåll kan ske över tid, kontrollera därför alltid före användning informationen på produktens förpackning.</p></div><div class=""ql-clipboard"" contenteditable=""true"" tabindex=""-1""></div><div class=""ql-tooltip ql-hidden""><a class=""ql-preview"" target=""_blank"" href=""about:blank""></a><input type=""text"" data-formula=""e=mc^2"" data-link=""https://quilljs.com"" data-video=""Embed URL""><a class=""ql-action""></a><a class=""ql-remove""></a></div>","","19,90","","19,90 kr/l","","In Stock","1l","","Olja & vinäger","Vinäger & matlagningsvin"
"420","https://livsham2.softwarebyte.co/assets/images/product_image/58099.jpg","Salt med Jod","Skafferi","Lager","<div class=""ql-editor"" data-gramm=""false"" contenteditable=""true""><h4>Finkornigt hushållssalt med jod. Jod bidrar till att nervsystemet och de kognitiva funktionerna fungerar normalt.</h4></div><div class=""ql-clipboard"" contenteditable=""true"" tabindex=""-1""></div><div class=""ql-tooltip ql-hidden""><a class=""ql-preview"" target=""_blank"" href=""about:blank""></a><input type=""text"" data-formula=""e=mc^2"" data-link=""https://quilljs.com"" data-video=""Embed URL""><a class=""ql-action""></a><a class=""ql-remove""></a></div>","Denmark","Salt (NaCl), Jod (KI 5 mg I* / 100g), klumpförebyggande medel (E535).","<div class=""ql-editor"" data-gramm=""false"" contenteditable=""true""><p><span style=""color: rgb(38, 38, 58);"">Per 100 gram:</span></p><p><span style=""color: rgb(38, 38, 58);"">Energi 0 kJ/0 kcal</span></p><p><span style=""color: rgb(38, 38, 58);"">Fett 0 g</span></p><p><span style=""color: rgb(38, 38, 58);"">-varav mättat fett 0 g</span></p><p><span style=""color: rgb(38, 38, 58);"">Kolhydrat 0 g</span></p><p><span style=""color: rgb(38, 38, 58);"">-varav sockerarter 0 g</span></p><p><span style=""color: rgb(38, 38, 58);"">Protein 0 g</span></p><p><span style=""color: rgb(38, 38, 58);"">Salt 99.9 g</span></p></div><div class=""ql-clipboard"" contenteditable=""true"" tabindex=""-1""></div><div class=""ql-tooltip ql-hidden""><a class=""ql-preview"" target=""_blank"" href=""about:blank""></a><input type=""text"" data-formula=""e=mc^2"" data-link=""https://quilljs.com"" data-video=""Embed URL""><a class=""ql-action""></a><a class=""ql-remove""></a></div>","Förvaras torrt.","<div class=""ql-editor"" data-gramm=""false"" contenteditable=""true""><p>Livshem har ambitionen att alltid ge rätt produkt information. Förändringar i produktens innehåll kan ske över tid, kontrollera därför alltid före användning informationen på produktens förpackning.</p></div><div class=""ql-clipboard"" contenteditable=""true"" tabindex=""-1""></div><div class=""ql-tooltip ql-hidden""><a class=""ql-preview"" target=""_blank"" href=""about:blank""></a><input type=""text"" data-formula=""e=mc^2"" data-link=""https://quilljs.com"" data-video=""Embed URL""><a class=""ql-action""></a><a class=""ql-remove""></a></div>","","10,90","","10,90 kr/kg","","In Stock","1kg","","Kryddor & smaksättare","Salt"
"421","https://livsham2.softwarebyte.co/assets/images/product_image/35056.jpg","Grovt Salt Utan Jod","Skafferi","Lager","<div class=""ql-editor"" data-gramm=""false"" contenteditable=""true""><h4>Jozo Grovt Salt är utmärkt för olika typer av inläggningar, saltinbakning och kokning av skaldjur. Saltets kornstorlek är 1-3 mm.</h4></div><div class=""ql-clipboard"" contenteditable=""true"" tabindex=""-1""></div><div class=""ql-tooltip ql-hidden""><a class=""ql-preview"" target=""_blank"" href=""about:blank""></a><input type=""text"" data-formula=""e=mc^2"" data-link=""https://quilljs.com"" data-video=""Embed URL""><a class=""ql-action""></a><a class=""ql-remove""></a></div>","Nederländerna","Ingredienser: salt (NaCl), antiklumpemiddel / klumpförebyggande medel (E535).","<div class=""ql-editor"" data-gramm=""false"" contenteditable=""true""><p><span style=""color: rgb(38, 38, 58);"">Per 100 gram:</span></p><p><span style=""color: rgb(38, 38, 58);"">Energi 0 kJ/0 kcal</span></p><p><span style=""color: rgb(38, 38, 58);"">Fett 0 g</span></p><p><span style=""color: rgb(38, 38, 58);"">-varav mättat fett 0 g</span></p><p><span style=""color: rgb(38, 38, 58);"">Kolhydrat 0 g</span></p><p><span style=""color: rgb(38, 38, 58);"">-varav sockerarter 0 g</span></p><p><span style=""color: rgb(38, 38, 58);"">Protein 0 g</span></p><p><span style=""color: rgb(38, 38, 58);"">Salt 99.9 g</span></p><p>natrium39&nbsp;gram</p></div><div class=""ql-clipboard"" contenteditable=""true"" tabindex=""-1""></div><div class=""ql-tooltip ql-hidden""><a class=""ql-preview"" target=""_blank"" href=""about:blank""></a><input type=""text"" data-formula=""e=mc^2"" data-link=""https://quilljs.com"" data-video=""Embed URL""><a class=""ql-action""></a><a class=""ql-remove""></a></div>","Förvaras torrt.","<div class=""ql-editor"" data-gramm=""false"" contenteditable=""true""><p>Livshem har ambitionen att alltid ge rätt produkt information. Förändringar i produktens innehåll kan ske över tid, kontrollera därför alltid före användning informationen på produktens förpackning.</p></div><div class=""ql-clipboard"" contenteditable=""true"" tabindex=""-1""></div><div class=""ql-tooltip ql-hidden""><a class=""ql-preview"" target=""_blank"" href=""about:blank""></a><input type=""text"" data-formula=""e=mc^2"" data-link=""https://quilljs.com"" data-video=""Embed URL""><a class=""ql-action""></a><a class=""ql-remove""></a></div>","","14,90","","18,63 kr/kg","","In Stock","800g","","Kryddor & smaksättare","Salt"
"422","https://livsham2.softwarebyte.co/assets/images/product_image/53805.jpg","Salt Finkornigt Falksalt","Skafferi","Lager","<div class=""ql-editor"" data-gramm=""false"" contenteditable=""true""><p>Det tillsatta jodet gör vårt fina salt till ett utmärkt matlagnings- och bordssalt för de flesta. Jod är ett livsviktigt grundämne som vi behöver för att reglera ämnesomsättningen. Ända sedan 1920-talet har det varit en vanlig tillsats i salt, för hälsans skull. (Källa Livsmedelsverket, slv.se) Falksalts fina salt är ett raffinerat salt med kubformade kristaller. Det innehåller 99,9 % natriumklorid</p></div><div class=""ql-clipboard"" contenteditable=""true"" tabindex=""-1""></div><div class=""ql-tooltip ql-hidden""><a class=""ql-preview"" target=""_blank"" href=""about:blank""></a><input type=""text"" data-formula=""e=mc^2"" data-link=""https://quilljs.com"" data-video=""Embed URL""><a class=""ql-action""></a><a class=""ql-remove""></a></div>","England","Salt (NaCl), jod (5 mg/100g), klumpförebyggande medel (E535/536).","<div class=""ql-editor"" data-gramm=""false"" contenteditable=""true""><p>Per 100 gram:</p><p>Energi 0 kJ/0 kcal</p><p>Fett 0 g</p><p>-varav mättat fett 0 g</p><p>Kolhydrat 0 g</p><p>-varav sockerarter 0 g</p><p>Protein 0 g</p><p>Salt 99.9 g</p></div><div class=""ql-clipboard"" contenteditable=""true"" tabindex=""-1""></div><div class=""ql-tooltip ql-hidden""><a class=""ql-preview"" target=""_blank"" href=""about:blank""></a><input type=""text"" data-formula=""e=mc^2"" data-link=""https://quilljs.com"" data-video=""Embed URL""><a class=""ql-action""></a><a class=""ql-remove""></a></div>","Förvaras torrt.","<div class=""ql-editor"" data-gramm=""false"" contenteditable=""true""><p>Livshem har ambitionen att alltid ge rätt produkt information. Förändringar i produktens innehåll kan ske över tid, kontrollera därför alltid före användning informationen på produktens förpackning.</p></div><div class=""ql-clipboard"" contenteditable=""true"" tabindex=""-1""></div><div class=""ql-tooltip ql-hidden""><a class=""ql-preview"" target=""_blank"" href=""about:blank""></a><input type=""text"" data-formula=""e=mc^2"" data-link=""https://quilljs.com"" data-video=""Embed URL""><a class=""ql-action""></a><a class=""ql-remove""></a></div>","","12,95","","12,95 kr/kg","","In Stock","1kg","","Kryddor & smaksättare","Salt"
"423","https://livsham2.softwarebyte.co/assets/images/product_image/71653.jpg","Allroundkrydda","Skafferi","Lager","<div class=""ql-editor"" data-gramm=""false"" contenteditable=""true""><p><span style=""color: rgb(27, 37, 66);"">Allroundkrydda är en kryddblandning som är god till grillat kött och fågel. Salt ingår.</span></p></div><div class=""ql-clipboard"" contenteditable=""true"" tabindex=""-1""></div><div class=""ql-tooltip ql-hidden""><a class=""ql-preview"" target=""_blank"" href=""about:blank""></a><input type=""text"" data-formula=""e=mc^2"" data-link=""https://quilljs.com"" data-video=""Embed URL""><a class=""ql-action""></a><a class=""ql-remove""></a></div>","Sverige","Salt, kryddor och örter (paprika (13%), svartpeppar (4,0%), lök (3,5%), SELLERIFRÖ, vitlök (1,3%), spiskummin, koriander, ingefära, cayennepeppar), jästextrakt, klumpförebyggande medel (kiseldioxid).","<div class=""ql-editor"" data-gramm=""false"" contenteditable=""true""><p><span style=""color: rgb(38, 38, 58);"">Per 100 gram:</span></p><p><span style=""color: rgb(38, 38, 58);"">Energi 423 kJ/101 kcal</span></p><p><span style=""color: rgb(38, 38, 58);"">Fett 2.5 g</span></p><p><span style=""color: rgb(38, 38, 58);"">-varav mättat fett 0.4 g</span></p><p><span style=""color: rgb(38, 38, 58);"">Kolhydrat 8.6 g</span></p><p><span style=""color: rgb(38, 38, 58);"">-varav sockerarter 2 g</span></p><p><span style=""color: rgb(38, 38, 58);"">Fiber 6.9 g</span></p><p><span style=""color: rgb(38, 38, 58);"">Protein 7.6 g</span></p><p><span style=""color: rgb(38, 38, 58);"">Salt 69 g</span></p></div><div class=""ql-clipboard"" contenteditable=""true"" tabindex=""-1""></div><div class=""ql-tooltip ql-hidden""><a class=""ql-preview"" target=""_blank"" href=""about:blank""></a><input type=""text"" data-formula=""e=mc^2"" data-link=""https://quilljs.com"" data-video=""Embed URL""><a class=""ql-action""></a><a class=""ql-remove""></a></div>","Förvaras torrt och svalt.","<div class=""ql-editor"" data-gramm=""false"" contenteditable=""true""><p>Livshem har ambitionen att alltid ge rätt produkt information. Förändringar i produktens innehåll kan ske över tid, kontrollera därför alltid före användning informationen på produktens förpackning.</p></div><div class=""ql-clipboard"" contenteditable=""true"" tabindex=""-1""></div><div class=""ql-tooltip ql-hidden""><a class=""ql-preview"" target=""_blank"" href=""about:blank""></a><input type=""text"" data-formula=""e=mc^2"" data-link=""https://quilljs.com"" data-video=""Embed URL""><a class=""ql-action""></a><a class=""ql-remove""></a></div>","","33,95","","282:92 kr/kg.","","In Stock","120g","","Kryddor & smaksättare","Kryddor"
"424","https://livsham2.softwarebyte.co/assets/images/product_image/29537.jpg","Cayennepeppar","Skafferi","Lager","<div class=""ql-editor"" data-gramm=""false"" contenteditable=""true""><p><span style=""color: rgb(27, 37, 66);"">Cayennepeppar är en av världens mest använda kryddor. Den har en het smak som ger en exotisk karaktär åt fisk, skaldjur, köttgrytor och äggrätter.</span></p></div><div class=""ql-clipboard"" contenteditable=""true"" tabindex=""-1""></div><div class=""ql-tooltip ql-hidden""><a class=""ql-preview"" target=""_blank"" href=""about:blank""></a><input type=""text"" data-formula=""e=mc^2"" data-link=""https://quilljs.com"" data-video=""Embed URL""><a class=""ql-action""></a><a class=""ql-remove""></a></div>","Indien","Cayennepeppar.","<div class=""ql-editor"" data-gramm=""false"" contenteditable=""true""><p><span style=""color: rgb(38, 38, 58);"">Per 100 gram:</span></p><p><span style=""color: rgb(38, 38, 58);"">Energi 1562 kJ/376 kcal</span></p><p><span style=""color: rgb(38, 38, 58);"">Fett 17 g</span></p><p><span style=""color: rgb(38, 38, 58);"">-varav mättat fett 3.3 g</span></p><p><span style=""color: rgb(38, 38, 58);"">Kolhydrat 29 g</span></p><p><span style=""color: rgb(38, 38, 58);"">-varav sockerarter 10 g</span></p><p><span style=""color: rgb(38, 38, 58);"">Fiber 27 g</span></p><p><span style=""color: rgb(38, 38, 58);"">Protein 12 g</span></p><p><span style=""color: rgb(38, 38, 58);"">Salt 0.08 g</span></p></div><div class=""ql-clipboard"" contenteditable=""true"" tabindex=""-1""></div><div class=""ql-tooltip ql-hidden""><a class=""ql-preview"" target=""_blank"" href=""about:blank""></a><input type=""text"" data-formula=""e=mc^2"" data-link=""https://quilljs.com"" data-video=""Embed URL""><a class=""ql-action""></a><a class=""ql-remove""></a></div>","Förvaras torrt och svalt.","<div class=""ql-editor"" data-gramm=""false"" contenteditable=""true""><p>Livshem har ambitionen att alltid ge rätt produkt information. Förändringar i produktens innehåll kan ske över tid, kontrollera därför alltid före användning informationen på produktens förpackning.</p></div><div class=""ql-clipboard"" contenteditable=""true"" tabindex=""-1""></div><div class=""ql-tooltip ql-hidden""><a class=""ql-preview"" target=""_blank"" href=""about:blank""></a><input type=""text"" data-formula=""e=mc^2"" data-link=""https://quilljs.com"" data-video=""Embed URL""><a class=""ql-action""></a><a class=""ql-remove""></a></div>","","25,95","","865 kr/kg.","","In Stock","30g","","Kryddor & smaksättare","Kryddor"
"425","https://livsham2.softwarebyte.co/assets/images/product_image/12136.jpg","Vitlökspulver","Skafferi","Lager","<div class=""ql-editor"" data-gramm=""false"" contenteditable=""true""><p><span style=""color: rgb(27, 37, 66);"">Santa Marias vitlökspulver består av torkad och mald vitlök. Vitlökspulver passar till all slags matlagning där färsk vitlök annars ingår. </span>1 krm vitlökspulver motsvarar ungefär 1 färsk vitlöksklyfta.</p></div><div class=""ql-clipboard"" contenteditable=""true"" tabindex=""-1""></div><div class=""ql-tooltip ql-hidden""><a class=""ql-preview"" target=""_blank"" href=""about:blank""></a><input type=""text"" data-formula=""e=mc^2"" data-link=""https://quilljs.com"" data-video=""Embed URL""><a class=""ql-action""></a><a class=""ql-remove""></a></div>","Kina","Vitlök.","<div class=""ql-editor"" data-gramm=""false"" contenteditable=""true""><p>Per 100 gram:</p><p>Energi (kJ)/(kcal):&nbsp;1463 / 346</p><p>Fett:&nbsp;0,7 g</p><p>- varav mättat fett:&nbsp;0,2 g</p><p>Kolhydrat:&nbsp;63,7 g</p><p>- varav sockerarter:&nbsp;2,4 g</p><p>Fiber:&nbsp;9,0 g</p><p>Protein:&nbsp;16,6 g</p><p>Salt:&nbsp;0,15 g</p></div><div class=""ql-clipboard"" contenteditable=""true"" tabindex=""-1""></div><div class=""ql-tooltip ql-hidden""><a class=""ql-preview"" target=""_blank"" href=""about:blank""></a><input type=""text"" data-formula=""e=mc^2"" data-link=""https://quilljs.com"" data-video=""Embed URL""><a class=""ql-action""></a><a class=""ql-remove""></a></div>","Förvaras torrt och svalt.","<div class=""ql-editor"" data-gramm=""false"" contenteditable=""true""><p>Livshem har ambitionen att alltid ge rätt produkt information. Förändringar i produktens innehåll kan ske över tid, kontrollera därför alltid före användning informationen på produktens förpackning.</p></div><div class=""ql-clipboard"" contenteditable=""true"" tabindex=""-1""></div><div class=""ql-tooltip ql-hidden""><a class=""ql-preview"" target=""_blank"" href=""about:blank""></a><input type=""text"" data-formula=""e=mc^2"" data-link=""https://quilljs.com"" data-video=""Embed URL""><a class=""ql-action""></a><a class=""ql-remove""></a></div>","","29,50","","602,04 kr/kg","","In Stock","49g","","Kryddor & smaksättare","Kryddor"
"426","https://livsham2.softwarebyte.co/assets/images/product_image/37590.jpg","Paprikapulver","Skafferi","Lager","<div class=""ql-editor"" data-gramm=""false"" contenteditable=""true""><p><span style=""color: rgb(27, 37, 66);"">Paprika är mild och smakrik. Kryddan är god till grytor, kött, kyckling, ägg, fisk och skaldjur.</span></p></div><div class=""ql-clipboard"" contenteditable=""true"" tabindex=""-1""></div><div class=""ql-tooltip ql-hidden""><a class=""ql-preview"" target=""_blank"" href=""about:blank""></a><input type=""text"" data-formula=""e=mc^2"" data-link=""https://quilljs.com"" data-video=""Embed URL""><a class=""ql-action""></a><a class=""ql-remove""></a></div>","Spanien","Paprika.","<div class=""ql-editor"" data-gramm=""false"" contenteditable=""true""><p>Per 100 gram</p><p>Energi (kJ)/(kcal):&nbsp;1321 / 319</p><p>Fett:&nbsp;12,9 g</p><p>- varav mättat fett:&nbsp;2,1 g</p><p>Kolhydrat:&nbsp;19,1 g</p><p>- varav sockerarter:&nbsp;10,3 g</p><p>Fiber:&nbsp;34,9 g</p><p>Protein:&nbsp;14,1 g</p><p>Salt:&nbsp;0,17 g</p></div><div class=""ql-clipboard"" contenteditable=""true"" tabindex=""-1""></div><div class=""ql-tooltip ql-hidden""><a class=""ql-preview"" target=""_blank"" href=""about:blank""></a><input type=""text"" data-formula=""e=mc^2"" data-link=""https://quilljs.com"" data-video=""Embed URL""><a class=""ql-action""></a><a class=""ql-remove""></a></div>","Förvaras torrt och svalt.","<div class=""ql-editor"" data-gramm=""false"" contenteditable=""true""><p>Livshem har ambitionen att alltid ge rätt produkt information. Förändringar i produktens innehåll kan ske över tid, kontrollera därför alltid före användning informationen på produktens förpackning.</p></div><div class=""ql-clipboard"" contenteditable=""true"" tabindex=""-1""></div><div class=""ql-tooltip ql-hidden""><a class=""ql-preview"" target=""_blank"" href=""about:blank""></a><input type=""text"" data-formula=""e=mc^2"" data-link=""https://quilljs.com"" data-video=""Embed URL""><a class=""ql-action""></a><a class=""ql-remove""></a></div>","","31,50","","533,90 kr/kg","","In Stock","59g","","Kryddor & smaksättare","Kryddor"
"427","https://livsham2.softwarebyte.co/assets/images/product_image/8661.jpg","Svartpeppar mellanmalen","Skafferi","Lager","<div class=""ql-editor"" data-gramm=""false"" contenteditable=""true""><p><span style=""color: rgb(27, 37, 66);"">Svartpeppar har en aromatisk smak med behaglig hetta. Den passar till all slags matlagning och som bordskrydda.</span></p><p>Svartpeppar är en av kryddorna det handlas mest med i hela världen. Svartpeppar framställs genom att plocka halvmogna bär från pepparväxten Piper Nigrum. Bären läggs i solen för att fermentera (jäsa) och torka. Processen tar lite mer än en vecka.</p></div><div class=""ql-clipboard"" contenteditable=""true"" tabindex=""-1""></div><div class=""ql-tooltip ql-hidden""><a class=""ql-preview"" target=""_blank"" href=""about:blank""></a><input type=""text"" data-formula=""e=mc^2"" data-link=""https://quilljs.com"" data-video=""Embed URL""><a class=""ql-action""></a><a class=""ql-remove""></a></div>","Indien","Svartpeppar.","<div class=""ql-editor"" data-gramm=""false"" contenteditable=""true""><p>Per 100 gram: </p><p>Energi (kJ)/(kcal):&nbsp;1158 / 276</p><p>Fett:&nbsp;3,3 g</p><p>- varav mättat fett:&nbsp;1,4 g</p><p>Kolhydrat:&nbsp;38,6 g</p><p>- varav sockerarter:&nbsp;0,6 g</p><p>Fiber:&nbsp;25,3 g</p><p>Protein:&nbsp;10,4 g</p><p>Salt:&nbsp;0,05 g</p><p><br></p></div><div class=""ql-clipboard"" contenteditable=""true"" tabindex=""-1""></div><div class=""ql-tooltip ql-hidden""><a class=""ql-preview"" target=""_blank"" href=""about:blank""></a><input type=""text"" data-formula=""e=mc^2"" data-link=""https://quilljs.com"" data-video=""Embed URL""><a class=""ql-action""></a><a class=""ql-remove""></a></div>","Förvaras torrt och svalt.","<div class=""ql-editor"" data-gramm=""false"" contenteditable=""true""><p>Livshem har ambitionen att alltid ge rätt produkt information. Förändringar i produktens innehåll kan ske över tid, kontrollera därför alltid före användning informationen på produktens förpackning.</p></div><div class=""ql-clipboard"" contenteditable=""true"" tabindex=""-1""></div><div class=""ql-tooltip ql-hidden""><a class=""ql-preview"" target=""_blank"" href=""about:blank""></a><input type=""text"" data-formula=""e=mc^2"" data-link=""https://quilljs.com"" data-video=""Embed URL""><a class=""ql-action""></a><a class=""ql-remove""></a></div>","","29,50","","983,33 kr/kg","","In Stock","30g","","Kryddor & smaksättare","Kryddor"
"428","https://livsham2.softwarebyte.co/assets/images/product_image/4075.jpg","Oregano","Skafferi","Lager","<div class=""ql-editor"" data-gramm=""false"" contenteditable=""true""><p>Oregano från Santa Maria</p></div><div class=""ql-clipboard"" contenteditable=""true"" tabindex=""-1""></div><div class=""ql-tooltip ql-hidden""><a class=""ql-preview"" target=""_blank"" href=""about:blank""></a><input type=""text"" data-formula=""e=mc^2"" data-link=""https://quilljs.com"" data-video=""Embed URL""><a class=""ql-action""></a><a class=""ql-remove""></a></div>","Chile","Oregano.","<div class=""ql-editor"" data-gramm=""false"" contenteditable=""true""><p>Per 100 gram: </p><p>Energi (kJ)/(kcal):&nbsp;1101 / 265</p><p>Fett:&nbsp;4,3 g</p><p>- varav mättat fett:&nbsp;1,6 g</p><p>Kolhydrat:&nbsp;26,4 g</p><p>- varav sockerarter:&nbsp;4,1 g</p><p>Fiber:&nbsp;42,5 g</p><p>Protein:&nbsp;9,0 g</p><p>Salt:&nbsp;0,06 g</p></div><div class=""ql-clipboard"" contenteditable=""true"" tabindex=""-1""></div><div class=""ql-tooltip ql-hidden""><a class=""ql-preview"" target=""_blank"" href=""about:blank""></a><input type=""text"" data-formula=""e=mc^2"" data-link=""https://quilljs.com"" data-video=""Embed URL""><a class=""ql-action""></a><a class=""ql-remove""></a></div>","Förvaras torrt och svalt.","<div class=""ql-editor"" data-gramm=""false"" contenteditable=""true""><p>Livshem har ambitionen att alltid ge rätt produkt information. Förändringar i produktens innehåll kan ske över tid, kontrollera därför alltid före användning informationen på produktens förpackning.</p></div><div class=""ql-clipboard"" contenteditable=""true"" tabindex=""-1""></div><div class=""ql-tooltip ql-hidden""><a class=""ql-preview"" target=""_blank"" href=""about:blank""></a><input type=""text"" data-formula=""e=mc^2"" data-link=""https://quilljs.com"" data-video=""Embed URL""><a class=""ql-action""></a><a class=""ql-remove""></a></div>","","29,50","","5 900,00 kr/kg","","In Stock","5g","","Kryddor & smaksättare","Kryddor"
"429","https://livsham2.softwarebyte.co/assets/images/product_image/78237.jpg","Chilipeppar Red Hot Flakes","Skafferi","Lager","<div class=""ql-editor"" data-gramm=""false"" contenteditable=""true""><p><span style=""color: rgb(27, 37, 66);"">Red Hot Chili Flakes är en stark och dekorativ chiliblandning av grovkrossad chilipeppar. Den fungerar som allroundbordskrydda och passar fint till det mesta såsom pizza, pasta, såser och grytor.</span></p></div><div class=""ql-clipboard"" contenteditable=""true"" tabindex=""-1""></div><div class=""ql-tooltip ql-hidden""><a class=""ql-preview"" target=""_blank"" href=""about:blank""></a><input type=""text"" data-formula=""e=mc^2"" data-link=""https://quilljs.com"" data-video=""Embed URL""><a class=""ql-action""></a><a class=""ql-remove""></a></div>","Indien","Chilipeppar.","<div class=""ql-editor"" data-gramm=""false"" contenteditable=""true""><p>Per 100 gram:</p><p>Energi (kJ)/(kcal):&nbsp;1562 / 376</p><p>Fett:&nbsp;17,3 g</p><p>- varav mättat fett:&nbsp;3,3 g</p><p>Kolhydrat:&nbsp;29,4 g</p><p>- varav sockerarter:&nbsp;10,3 g</p><p>Fiber:&nbsp;27,2 g</p><p>Protein:&nbsp;12,0 g</p><p>Salt:&nbsp;0,07 g</p></div><div class=""ql-clipboard"" contenteditable=""true"" tabindex=""-1""></div><div class=""ql-tooltip ql-hidden""><a class=""ql-preview"" target=""_blank"" href=""about:blank""></a><input type=""text"" data-formula=""e=mc^2"" data-link=""https://quilljs.com"" data-video=""Embed URL""><a class=""ql-action""></a><a class=""ql-remove""></a></div>","Förvaras torrt och svalt.","<div class=""ql-editor"" data-gramm=""false"" contenteditable=""true""><p>Livshem har ambitionen att alltid ge rätt produkt information. Förändringar i produktens innehåll kan ske över tid, kontrollera därför alltid före användning informationen på produktens förpackning.</p></div><div class=""ql-clipboard"" contenteditable=""true"" tabindex=""-1""></div><div class=""ql-tooltip ql-hidden""><a class=""ql-preview"" target=""_blank"" href=""about:blank""></a><input type=""text"" data-formula=""e=mc^2"" data-link=""https://quilljs.com"" data-video=""Embed URL""><a class=""ql-action""></a><a class=""ql-remove""></a></div>","","33,95","","1 212,50 kr/kg","","In Stock","28g","","Kryddor & smaksättare","Kryddor"
"430","https://livsham2.softwarebyte.co/assets/images/product_image/26772.jpg","Grillkrydda","Skafferi","Lager","<div class=""ql-editor"" data-gramm=""false"" contenteditable=""true""><p><span style=""color: rgb(27, 37, 66);"">Grillkrydda är en kryddblandning som kan användas till mycket! Särskilt bra passar grillkrydda till stekt och grillat kött. Testa även gärna i marinader eller som krydda på stekt potatis. </span>Testa gärna grillkrydda i marinader eller som krydda på stekt potatis.</p><p><br></p></div><div class=""ql-clipboard"" contenteditable=""true"" tabindex=""-1""></div><div class=""ql-tooltip ql-hidden""><a class=""ql-preview"" target=""_blank"" href=""about:blank""></a><input type=""text"" data-formula=""e=mc^2"" data-link=""https://quilljs.com"" data-video=""Embed URL""><a class=""ql-action""></a><a class=""ql-remove""></a></div>","Sverige","Salt (46%), lök (24%), paprika (16%), svartpeppar, tomat, naturlig arom, vitlök (1,7%), ingefära, chilipeppar (1,3%), spiskummin, SELLERIFRÖ, cayennepeppar, oregano, klumpförebyggande medel (kiseldioxid).","<div class=""ql-editor"" data-gramm=""false"" contenteditable=""true""><p>Per 100 gram</p><p>Energi (kJ)/(kcal):&nbsp;738 / 176</p><p>Fett:&nbsp;3,1 g</p><p>- varav mättat fett:&nbsp;0,6 g</p><p>Kolhydrat:&nbsp;24,2 g</p><p>- varav sockerarter:&nbsp;4,5 g</p><p>Fiber:&nbsp;11,4 g</p><p>Protein:&nbsp;7,1 g</p><p>Salt:&nbsp;46,39 g</p></div><div class=""ql-clipboard"" contenteditable=""true"" tabindex=""-1""></div><div class=""ql-tooltip ql-hidden""><a class=""ql-preview"" target=""_blank"" href=""about:blank""></a><input type=""text"" data-formula=""e=mc^2"" data-link=""https://quilljs.com"" data-video=""Embed URL""><a class=""ql-action""></a><a class=""ql-remove""></a></div>","Förvaras torrt och svalt.","<div class=""ql-editor"" data-gramm=""false"" contenteditable=""true""><p>Livshem har ambitionen att alltid ge rätt produkt information. Förändringar i produktens innehåll kan ske över tid, kontrollera därför alltid före användning informationen på produktens förpackning.</p></div><div class=""ql-clipboard"" contenteditable=""true"" tabindex=""-1""></div><div class=""ql-tooltip ql-hidden""><a class=""ql-preview"" target=""_blank"" href=""about:blank""></a><input type=""text"" data-formula=""e=mc^2"" data-link=""https://quilljs.com"" data-video=""Embed URL""><a class=""ql-action""></a><a class=""ql-remove""></a></div>","","27,50","","550,00 kr/kg","","In Stock","50g","","Kryddor & smaksättare","Kryddor"
"431","https://livsham2.softwarebyte.co/assets/images/product_image/4289.jpg","Grillkrydda","Skafferi","Lager","<div class=""ql-editor"" data-gramm=""false"" contenteditable=""true""><p><span style=""color: rgb(27, 37, 66);"">Grillkrydda är en kryddblandning som kan användas till mycket! Särskilt bra passar grillkrydda till stekt och grillat kött. Testa även gärna i marinader eller som krydda på stekt potatis. </span>Testa gärna grillkrydda i marinader eller som krydda på stekt potatis.</p></div><div class=""ql-clipboard"" contenteditable=""true"" tabindex=""-1""></div><div class=""ql-tooltip ql-hidden""><a class=""ql-preview"" target=""_blank"" href=""about:blank""></a><input type=""text"" data-formula=""e=mc^2"" data-link=""https://quilljs.com"" data-video=""Embed URL""><a class=""ql-action""></a><a class=""ql-remove""></a></div>","Sverige","Salt, lök (24%), paprika (16%), svartpeppar, tomat, naturlig arom, vitlök (1,7%), ingefära, chilipeppar (1,3%), spiskummin, SELLERIFRÖ, cayennepeppar, oregano, klumpförebyggande medel (kiseldioxid).","<div class=""ql-editor"" data-gramm=""false"" contenteditable=""true""><p>Per 100 gram</p><p>Energi (kJ)/(kcal):&nbsp;738 / 176</p><p>Fett:&nbsp;3,1 g</p><p>- varav mättat fett:&nbsp;0,6 g</p><p>Kolhydrat:&nbsp;24,2 g</p><p>- varav sockerarter:&nbsp;4,5 g</p><p>Fiber:&nbsp;11,4 g</p><p>Protein:&nbsp;7,1 g</p><p>Salt:&nbsp;46,39 g</p></div><div class=""ql-clipboard"" contenteditable=""true"" tabindex=""-1""></div><div class=""ql-tooltip ql-hidden""><a class=""ql-preview"" target=""_blank"" href=""about:blank""></a><input type=""text"" data-formula=""e=mc^2"" data-link=""https://quilljs.com"" data-video=""Embed URL""><a class=""ql-action""></a><a class=""ql-remove""></a></div>","Förvaras torrt och svalt.","<div class=""ql-editor"" data-gramm=""false"" contenteditable=""true""><p>Livshem har ambitionen att alltid ge rätt produkt information. Förändringar i produktens innehåll kan ske över tid, kontrollera därför alltid före användning informationen på produktens förpackning.</p></div><div class=""ql-clipboard"" contenteditable=""true"" tabindex=""-1""></div><div class=""ql-tooltip ql-hidden""><a class=""ql-preview"" target=""_blank"" href=""about:blank""></a><input type=""text"" data-formula=""e=mc^2"" data-link=""https://quilljs.com"" data-video=""Embed URL""><a class=""ql-action""></a><a class=""ql-remove""></a></div>","","31,50","","353,93 kr/kg","","In Stock","89g","","Kryddor & smaksättare","Kryddor"
"432","https://livsham2.softwarebyte.co/assets/images/product_image/6740.jpg","Salladskrydda Italiensk","Skafferi","Lager","<div class=""ql-editor"" data-gramm=""false"" contenteditable=""true""><p><span style=""color: rgb(27, 37, 66);"">En italiensk salladskrydda som är lika god till skaldjur som salladsdressing. Salladskryddan har ett tydligt inslag av vitlök.</span></p></div><div class=""ql-clipboard"" contenteditable=""true"" tabindex=""-1""></div><div class=""ql-tooltip ql-hidden""><a class=""ql-preview"" target=""_blank"" href=""about:blank""></a><input type=""text"" data-formula=""e=mc^2"" data-link=""https://quilljs.com"" data-video=""Embed URL""><a class=""ql-action""></a><a class=""ql-remove""></a></div>","Sverige","Salt (40%), kryddor (lök (20%), vitlök, purjolök), örter (11%) (persilja, oregano, basilika, timjan, dragon, salvia), druvsocker, klumpförebyggande medel (kiseldioxid).","<div class=""ql-editor"" data-gramm=""false"" contenteditable=""true""><p>Per 100 gram</p><p>Energi (kJ)/(kcal):&nbsp;848 / 201</p><p>Fett:&nbsp;1,7 g</p><p>- varav mättat fett:&nbsp;0,4 g</p><p>Kolhydrat:&nbsp;34,9 g</p><p>- varav sockerarter:&nbsp;13,5 g</p><p>Fiber:&nbsp;8,7 g</p><p>Protein:&nbsp;7,2 g</p><p>Salt:&nbsp;40,08 g</p></div><div class=""ql-clipboard"" contenteditable=""true"" tabindex=""-1""></div><div class=""ql-tooltip ql-hidden""><a class=""ql-preview"" target=""_blank"" href=""about:blank""></a><input type=""text"" data-formula=""e=mc^2"" data-link=""https://quilljs.com"" data-video=""Embed URL""><a class=""ql-action""></a><a class=""ql-remove""></a></div>","Förvaras torrt och svalt.","<div class=""ql-editor"" data-gramm=""false"" contenteditable=""true""><p>Livshem har ambitionen att alltid ge rätt produkt information. Förändringar i produktens innehåll kan ske över tid, kontrollera därför alltid före användning informationen på produktens förpackning.</p></div><div class=""ql-clipboard"" contenteditable=""true"" tabindex=""-1""></div><div class=""ql-tooltip ql-hidden""><a class=""ql-preview"" target=""_blank"" href=""about:blank""></a><input type=""text"" data-formula=""e=mc^2"" data-link=""https://quilljs.com"" data-video=""Embed URL""><a class=""ql-action""></a><a class=""ql-remove""></a></div>","","27,50","","528,85 kr/kg","","In Stock","52g","","Kryddor & smaksättare","Kryddor"
"433","https://livsham2.softwarebyte.co/assets/images/product_image/44831.jpg","Timjan","Frukt & grönt","Lager","<div class=""ql-editor"" data-gramm=""false"" contenteditable=""true""><p><span style=""color: rgb(27, 37, 66);"">Timjan är en ört med kraftigt aromatiskt smak. Timjan passar bra till kött, fisk och skaldjur men också till grönsaker. Smula gärna den torkade timjanen i handen innan du kryddar maten. På så sätt får du fram all den goda smaken.</span></p></div><div class=""ql-clipboard"" contenteditable=""true"" tabindex=""-1""></div><div class=""ql-tooltip ql-hidden""><a class=""ql-preview"" target=""_blank"" href=""about:blank""></a><input type=""text"" data-formula=""e=mc^2"" data-link=""https://quilljs.com"" data-video=""Embed URL""><a class=""ql-action""></a><a class=""ql-remove""></a></div>","Poland","Timjan.","<div class=""ql-editor"" data-gramm=""false"" contenteditable=""true""><p>&nbsp;Per 100 gram:</p><p>Energi (kJ)/(kcal):&nbsp;1182 / 285</p><p>Fett:&nbsp;7,4 g</p><p>- varav mättat fett:&nbsp;2,7 g</p><p>Kolhydrat:&nbsp;26,9 g</p><p>- varav sockerarter:&nbsp;1,7 g</p><p>Fiber:&nbsp;37,0 g</p><p>Protein:&nbsp;9,1 g</p><p>Salt:&nbsp;0,14 g</p></div><div class=""ql-clipboard"" contenteditable=""true"" tabindex=""-1""></div><div class=""ql-tooltip ql-hidden""><a class=""ql-preview"" target=""_blank"" href=""about:blank""></a><input type=""text"" data-formula=""e=mc^2"" data-link=""https://quilljs.com"" data-video=""Embed URL""><a class=""ql-action""></a><a class=""ql-remove""></a></div>","Förvaras torrt och svalt.","<div class=""ql-editor"" data-gramm=""false"" contenteditable=""true""><p>Livshem har ambitionen att alltid ge rätt produkt information. Förändringar i produktens innehåll kan ske över tid, kontrollera därför alltid före användning informationen på produktens förpackning.</p></div><div class=""ql-clipboard"" contenteditable=""true"" tabindex=""-1""></div><div class=""ql-tooltip ql-hidden""><a class=""ql-preview"" target=""_blank"" href=""about:blank""></a><input type=""text"" data-formula=""e=mc^2"" data-link=""https://quilljs.com"" data-video=""Embed URL""><a class=""ql-action""></a><a class=""ql-remove""></a></div>","","29,50","","1 966,67 kr/kg","","In Stock","15g","","Mjölk, grädde, yoghurt","Äpple"
"434","https://livsham2.softwarebyte.co/assets/images/product_image/32868.jpg","Curry","Skafferi","Lager","<div class=""ql-editor"" data-gramm=""false"" contenteditable=""true""><p><span style=""color: rgb(27, 37, 66);"">Curry är en kryddblandning som passar utmärkt till kyckling, risrätter, varma och kalla såser. </span>Curry får sin karakteristiska gula färg av gurkmeja. För att få fram curryns alla goda smaker bör du först fräsa kryddan i lite smör.</p></div><div class=""ql-clipboard"" contenteditable=""true"" tabindex=""-1""></div><div class=""ql-tooltip ql-hidden""><a class=""ql-preview"" target=""_blank"" href=""about:blank""></a><input type=""text"" data-formula=""e=mc^2"" data-link=""https://quilljs.com"" data-video=""Embed URL""><a class=""ql-action""></a><a class=""ql-remove""></a></div>","Sverige","Koriander (34%), gurkmeja (31%), bockhornsklöver, cayennepeppar, spiskummin, fänkål, svartpeppar.","<div class=""ql-editor"" data-gramm=""false"" contenteditable=""true""><p>Per 100 gram:</p><p>Energi (kJ)/(kcal):&nbsp;1376 / 331</p><p>Fett:&nbsp;11,2 g</p><p>- varav mättat fett:&nbsp;1,5 g</p><p>Kolhydrat:&nbsp;28,7 g</p><p>- varav sockerarter:&nbsp;1,8 g</p><p>Fiber:&nbsp;30,1 g</p><p>Protein:&nbsp;13,7 g</p><p>Salt:&nbsp;0,12 g</p></div><div class=""ql-clipboard"" contenteditable=""true"" tabindex=""-1""></div><div class=""ql-tooltip ql-hidden""><a class=""ql-preview"" target=""_blank"" href=""about:blank""></a><input type=""text"" data-formula=""e=mc^2"" data-link=""https://quilljs.com"" data-video=""Embed URL""><a class=""ql-action""></a><a class=""ql-remove""></a></div>","Förvaras torrt och svalt.","<div class=""ql-editor"" data-gramm=""false"" contenteditable=""true""><p>Livshem har ambitionen att alltid ge rätt produkt information. Förändringar i produktens innehåll kan ske över tid, kontrollera därför alltid före användning informationen på produktens förpackning.</p></div><div class=""ql-clipboard"" contenteditable=""true"" tabindex=""-1""></div><div class=""ql-tooltip ql-hidden""><a class=""ql-preview"" target=""_blank"" href=""about:blank""></a><input type=""text"" data-formula=""e=mc^2"" data-link=""https://quilljs.com"" data-video=""Embed URL""><a class=""ql-action""></a><a class=""ql-remove""></a></div>","","29,50","","867,65 kr/kg","","In Stock","34g","","Kryddor & smaksättare","Kryddor"
"435","https://livsham2.softwarebyte.co/assets/images/product_image/22878.jpg","Citronpeppar","Skafferi","Lager","<div class=""ql-editor"" data-gramm=""false"" contenteditable=""true""><p><span style=""color: rgb(27, 37, 66);"">Citronpeppar är svartpeppar med smak av citron och den ger en frisk smak i salladsdressingar och i fiskrätter. Används med fördel som enda bordskryddan då salt ingår i blandningen. </span>Citronpeppar från Santa Maria. Kryddan ger en frisk smak i salladsdressingar och i fiskrätter.</p></div><div class=""ql-clipboard"" contenteditable=""true"" tabindex=""-1""></div><div class=""ql-tooltip ql-hidden""><a class=""ql-preview"" target=""_blank"" href=""about:blank""></a><input type=""text"" data-formula=""e=mc^2"" data-link=""https://quilljs.com"" data-video=""Embed URL""><a class=""ql-action""></a><a class=""ql-remove""></a></div>","Sverige","Salt (41%), svartpeppar (33%), syra (citronsyra), lök, socker, citronjuicepulver (0,5%).","<div class=""ql-editor"" data-gramm=""false"" contenteditable=""true""><p>Per 100 gram:</p><p>Energi (kJ)/(kcal):&nbsp;627 / 149</p><p>Fett:&nbsp;1,2 g</p><p>- varav mättat fett:&nbsp;0,5 g</p><p>Kolhydrat:&nbsp;25,3 g</p><p>- varav sockerarter:&nbsp;7,4 g</p><p>Fiber:&nbsp;9,7 g</p><p>Protein:&nbsp;4,4 g</p><p>Salt:&nbsp;40,99 g</p></div><div class=""ql-clipboard"" contenteditable=""true"" tabindex=""-1""></div><div class=""ql-tooltip ql-hidden""><a class=""ql-preview"" target=""_blank"" href=""about:blank""></a><input type=""text"" data-formula=""e=mc^2"" data-link=""https://quilljs.com"" data-video=""Embed URL""><a class=""ql-action""></a><a class=""ql-remove""></a></div>","Förvaras torrt och svalt.","<div class=""ql-editor"" data-gramm=""false"" contenteditable=""true""><p>Livshem har ambitionen att alltid ge rätt produkt information. Förändringar i produktens innehåll kan ske över tid, kontrollera därför alltid före användning informationen på produktens förpackning.</p></div><div class=""ql-clipboard"" contenteditable=""true"" tabindex=""-1""></div><div class=""ql-tooltip ql-hidden""><a class=""ql-preview"" target=""_blank"" href=""about:blank""></a><input type=""text"" data-formula=""e=mc^2"" data-link=""https://quilljs.com"" data-video=""Embed URL""><a class=""ql-action""></a><a class=""ql-remove""></a></div>","","27,50","","500,00 kr/kg","","In Stock","55g","","Kryddor & smaksättare","Kryddor"
"436","https://livsham2.softwarebyte.co/assets/images/product_image/22319.jpg","Lökpulver","Skafferi","Lager","<div class=""ql-editor"" data-gramm=""false"" contenteditable=""true""><p><span style=""color: rgb(27, 37, 66);"">Lökpulver framställs av högklassig lök som torkats och pulveriserats. Användningsområdet är alla rätter där färsk lök annars ingår.</span></p></div><div class=""ql-clipboard"" contenteditable=""true"" tabindex=""-1""></div><div class=""ql-tooltip ql-hidden""><a class=""ql-preview"" target=""_blank"" href=""about:blank""></a><input type=""text"" data-formula=""e=mc^2"" data-link=""https://quilljs.com"" data-video=""Embed URL""><a class=""ql-action""></a><a class=""ql-remove""></a></div>","Indien","Lök.","<div class=""ql-editor"" data-gramm=""false"" contenteditable=""true""><p>Per 100 gram:</p><p>Energi (kJ)/(kcal):&nbsp;1422 / 337</p><p>Fett:&nbsp;1,0 g</p><p>- varav mättat fett:&nbsp;0,2 g</p><p>Kolhydrat:&nbsp;63,9 g</p><p>- varav sockerarter:&nbsp;6,6 g</p><p>Fiber:&nbsp;15,2 g</p><p>Protein:&nbsp;10,4 g</p><p>Salt:&nbsp;0,18 g</p><p><br></p></div><div class=""ql-clipboard"" contenteditable=""true"" tabindex=""-1""></div><div class=""ql-tooltip ql-hidden""><a class=""ql-preview"" target=""_blank"" href=""about:blank""></a><input type=""text"" data-formula=""e=mc^2"" data-link=""https://quilljs.com"" data-video=""Embed URL""><a class=""ql-action""></a><a class=""ql-remove""></a></div>","Förvaras torrt och svalt.","<div class=""ql-editor"" data-gramm=""false"" contenteditable=""true""><p>Livshem har ambitionen att alltid ge rätt produkt information. Förändringar i produktens innehåll kan ske över tid, kontrollera därför alltid före användning informationen på produktens förpackning.</p></div><div class=""ql-clipboard"" contenteditable=""true"" tabindex=""-1""></div><div class=""ql-tooltip ql-hidden""><a class=""ql-preview"" target=""_blank"" href=""about:blank""></a><input type=""text"" data-formula=""e=mc^2"" data-link=""https://quilljs.com"" data-video=""Embed URL""><a class=""ql-action""></a><a class=""ql-remove""></a></div>","","27,50","","670,73 kr/kg","","In Stock","41g","","Kryddor & smaksättare","Kryddor"
"437","https://livsham2.softwarebyte.co/assets/images/product_image/35011.jpg","Vitlök Finhackad","Skafferi","Lager","<div class=""ql-editor"" data-gramm=""false"" contenteditable=""true""><p><span style=""color: rgb(27, 37, 66);"">Santa Marias torkade, finhackade vitlök passar bra till all matlagning där färsk vitlök annars ingår.</span></p><p>Vitlökens mustiga arom kommer fram vid tillagning.</p></div><div class=""ql-clipboard"" contenteditable=""true"" tabindex=""-1""></div><div class=""ql-tooltip ql-hidden""><a class=""ql-preview"" target=""_blank"" href=""about:blank""></a><input type=""text"" data-formula=""e=mc^2"" data-link=""https://quilljs.com"" data-video=""Embed URL""><a class=""ql-action""></a><a class=""ql-remove""></a></div>","Kina","Vitlök.","<div class=""ql-editor"" data-gramm=""false"" contenteditable=""true""><p>&nbsp;Per 100 gram:</p><p>Energi (kJ)/(kcal):&nbsp;1463 / 346</p><p>Fett:&nbsp;0,7 g</p><p>- varav mättat fett:&nbsp;0,2 g</p><p>Kolhydrat:&nbsp;63,7 g</p><p>- varav sockerarter:&nbsp;2,4 g</p><p>Fiber:&nbsp;9,0 g</p><p>Protein:&nbsp;16,6 g</p><p>Salt:&nbsp;0,15 g</p></div><div class=""ql-clipboard"" contenteditable=""true"" tabindex=""-1""></div><div class=""ql-tooltip ql-hidden""><a class=""ql-preview"" target=""_blank"" href=""about:blank""></a><input type=""text"" data-formula=""e=mc^2"" data-link=""https://quilljs.com"" data-video=""Embed URL""><a class=""ql-action""></a><a class=""ql-remove""></a></div>","Förvaras torrt och svalt.","<div class=""ql-editor"" data-gramm=""false"" contenteditable=""true""><p>Livshem har ambitionen att alltid ge rätt produkt information. Förändringar i produktens innehåll kan ske över tid, kontrollera därför alltid före användning informationen på produktens förpackning.</p></div><div class=""ql-clipboard"" contenteditable=""true"" tabindex=""-1""></div><div class=""ql-tooltip ql-hidden""><a class=""ql-preview"" target=""_blank"" href=""about:blank""></a><input type=""text"" data-formula=""e=mc^2"" data-link=""https://quilljs.com"" data-video=""Embed URL""><a class=""ql-action""></a><a class=""ql-remove""></a></div>","","33,95","","771,59 kr/kg","","In Stock","44g","","Kryddor & smaksättare","Kryddor"
"438","https://livsham2.softwarebyte.co/assets/images/product_image/40101.jpg","Basilika","Skafferi","Lager","<div class=""ql-editor"" data-gramm=""false"" contenteditable=""true""><p><span style=""color: rgb(27, 37, 66);"">Basilika är en pepprigt ört som passar bra till ljust kött, ägg och fisk. Den passar också till grönsaker och pasta.&nbsp;</span></p><p>Smula gärna den torkade basilikan i handen innan du kryddar maten. På så sätt får du fram all den goda smaken.</p></div><div class=""ql-clipboard"" contenteditable=""true"" tabindex=""-1""></div><div class=""ql-tooltip ql-hidden""><a class=""ql-preview"" target=""_blank"" href=""about:blank""></a><input type=""text"" data-formula=""e=mc^2"" data-link=""https://quilljs.com"" data-video=""Embed URL""><a class=""ql-action""></a><a class=""ql-remove""></a></div>","USA","Basilika.","<div class=""ql-editor"" data-gramm=""false"" contenteditable=""true""><p>Per 100 gram:</p><p>Energi (kJ)/(kcal):&nbsp;1016 / 245</p><p>Fett:&nbsp;4,1 g</p><p>- varav mättat fett:&nbsp;2,2 g</p><p>Kolhydrat:&nbsp;10,1 g</p><p>- varav sockerarter:&nbsp;1,7 g</p><p>Fiber:&nbsp;37,7 g</p><p>Protein:&nbsp;23,0 g</p><p>Salt:&nbsp;0,19 g</p></div><div class=""ql-clipboard"" contenteditable=""true"" tabindex=""-1""></div><div class=""ql-tooltip ql-hidden""><a class=""ql-preview"" target=""_blank"" href=""about:blank""></a><input type=""text"" data-formula=""e=mc^2"" data-link=""https://quilljs.com"" data-video=""Embed URL""><a class=""ql-action""></a><a class=""ql-remove""></a></div>","Förvaras torrt och svalt.","<div class=""ql-editor"" data-gramm=""false"" contenteditable=""true""><p>Livshem har ambitionen att alltid ge rätt produkt information. Förändringar i produktens innehåll kan ske över tid, kontrollera därför alltid före användning informationen på produktens förpackning.</p></div><div class=""ql-clipboard"" contenteditable=""true"" tabindex=""-1""></div><div class=""ql-tooltip ql-hidden""><a class=""ql-preview"" target=""_blank"" href=""about:blank""></a><input type=""text"" data-formula=""e=mc^2"" data-link=""https://quilljs.com"" data-video=""Embed URL""><a class=""ql-action""></a><a class=""ql-remove""></a></div>","","29,50","","2 950,00 kr/kg","","In Stock","10g","","Kryddor & smaksättare","Kryddor"
"439","https://livsham2.softwarebyte.co/assets/images/product_image/60210.jpg","Vitpeppar Malen","Skafferi","Lager","<div class=""ql-editor"" data-gramm=""false"" contenteditable=""true""><p><span style=""color: rgb(27, 37, 66);"">Vitpeppar har en fyllig och varm hetta som passar till fisk, skaldjur och ljust kött.&nbsp;</span></p></div><div class=""ql-clipboard"" contenteditable=""true"" tabindex=""-1""></div><div class=""ql-tooltip ql-hidden""><a class=""ql-preview"" target=""_blank"" href=""about:blank""></a><input type=""text"" data-formula=""e=mc^2"" data-link=""https://quilljs.com"" data-video=""Embed URL""><a class=""ql-action""></a><a class=""ql-remove""></a></div>","Indonesien","Vitpeppar.","<div class=""ql-editor"" data-gramm=""false"" contenteditable=""true""><p>Per 100 gram:</p><p>Energi (kJ)/(kcal):&nbsp;1185 / 283</p><p>Fett:&nbsp;2,1 g</p><p>- varav mättat fett:&nbsp;0,6 g</p><p>Kolhydrat:&nbsp;42,4 g</p><p>- varav sockerarter:&nbsp;0,0 g</p><p>Fiber:&nbsp;26,2 g</p><p>Protein:&nbsp;10,4 g</p><p>Salt:&nbsp;0,01 g</p></div><div class=""ql-clipboard"" contenteditable=""true"" tabindex=""-1""></div><div class=""ql-tooltip ql-hidden""><a class=""ql-preview"" target=""_blank"" href=""about:blank""></a><input type=""text"" data-formula=""e=mc^2"" data-link=""https://quilljs.com"" data-video=""Embed URL""><a class=""ql-action""></a><a class=""ql-remove""></a></div>","Förvaras torrt och svalt.","<div class=""ql-editor"" data-gramm=""false"" contenteditable=""true""><p>Livshem har ambitionen att alltid ge rätt produkt information. Förändringar i produktens innehåll kan ske över tid, kontrollera därför alltid före användning informationen på produktens förpackning.</p></div><div class=""ql-clipboard"" contenteditable=""true"" tabindex=""-1""></div><div class=""ql-tooltip ql-hidden""><a class=""ql-preview"" target=""_blank"" href=""about:blank""></a><input type=""text"" data-formula=""e=mc^2"" data-link=""https://quilljs.com"" data-video=""Embed URL""><a class=""ql-action""></a><a class=""ql-remove""></a></div>","","29,50","","842,86 kr/kg","","In Stock","35g","","Kryddor & smaksättare","Kryddor"
"440","https://livsham2.softwarebyte.co/assets/images/product_image/9077.jpg","Kanel Malen","Skafferi","Lager","<div class=""ql-editor"" data-gramm=""false"" contenteditable=""true""><p><span style=""color: rgb(27, 37, 66);"">Kanel är en söt och aromatisk krydda som passar utmärkt i efterrätter och bakverk. Tillsammans med andra kryddor fungerar kanel också bra till kött och fågel.</span></p><p>Kanel är en av de äldsta kryddorna och kommer från kanelträdets bark. Det finns flera sorters kanel. Santa Marias kanel kommer från Indonesien och heter Cinnamomum Burmanii. Det är den mest populära kanelsorten, tack vare sin fylliga smak som håller sig kvar vid bakning.</p></div><div class=""ql-clipboard"" contenteditable=""true"" tabindex=""-1""></div><div class=""ql-tooltip ql-hidden""><a class=""ql-preview"" target=""_blank"" href=""about:blank""></a><input type=""text"" data-formula=""e=mc^2"" data-link=""https://quilljs.com"" data-video=""Embed URL""><a class=""ql-action""></a><a class=""ql-remove""></a></div>","Indonesien","Kanel.","<div class=""ql-editor"" data-gramm=""false"" contenteditable=""true""><p><strong>&nbsp;Per 100 gram:</strong></p><p>Energi (kJ)/(kcal):&nbsp;1005 / 243</p><p>Fett:&nbsp;1,2 g</p><p>- varav mättat fett:&nbsp;0,3 g</p><p>Kolhydrat:&nbsp;27,5 g</p><p>- varav sockerarter:&nbsp;2,2 g</p><p>Fiber:&nbsp;53,1 g</p><p>Protein:&nbsp;4,0 g</p><p>Salt:&nbsp;0,03 g</p></div><div class=""ql-clipboard"" contenteditable=""true"" tabindex=""-1""></div><div class=""ql-tooltip ql-hidden""><a class=""ql-preview"" target=""_blank"" href=""about:blank""></a><input type=""text"" data-formula=""e=mc^2"" data-link=""https://quilljs.com"" data-video=""Embed URL""><a class=""ql-action""></a><a class=""ql-remove""></a></div>","Förvaras torrt och svalt.","<div class=""ql-editor"" data-gramm=""false"" contenteditable=""true""><p>Livshem har ambitionen att alltid ge rätt produkt information. Förändringar i produktens innehåll kan ske över tid, kontrollera därför alltid före användning informationen på produktens förpackning.</p></div><div class=""ql-clipboard"" contenteditable=""true"" tabindex=""-1""></div><div class=""ql-tooltip ql-hidden""><a class=""ql-preview"" target=""_blank"" href=""about:blank""></a><input type=""text"" data-formula=""e=mc^2"" data-link=""https://quilljs.com"" data-video=""Embed URL""><a class=""ql-action""></a><a class=""ql-remove""></a></div>","","27,50","","687,50 kr/kg","","In Stock","40g","","Kryddor & smaksättare","Kryddor"
"441","https://livsham2.softwarebyte.co/assets/images/product_image/42930.jpg","Rosmarin","Skafferi","Lager","<div class=""ql-editor"" data-gramm=""false"" contenteditable=""true""><p><span style=""color: rgb(27, 37, 66);"">Rosmarin är en aromatiskt barrskogsdoftande ört med sötaktig, blommig smak. Rosmarin passar bra till lamm-, kalv- och fläskkött, kyckling, potatis och andra grönsaksrätter.</span></p><p>Smula gärna den torkade rosmarinen i handen innan du kryddar maten. På så sätt får du fram all den goda smaken.</p></div><div class=""ql-clipboard"" contenteditable=""true"" tabindex=""-1""></div><div class=""ql-tooltip ql-hidden""><a class=""ql-preview"" target=""_blank"" href=""about:blank""></a><input type=""text"" data-formula=""e=mc^2"" data-link=""https://quilljs.com"" data-video=""Embed URL""><a class=""ql-action""></a><a class=""ql-remove""></a></div>","Marocko","Rosmarin.","<div class=""ql-editor"" data-gramm=""false"" contenteditable=""true""><p><strong>Per 100 gram:</strong></p><p>Energi (kJ)/(kcal):&nbsp;1352 / 328</p><p>Fett:&nbsp;15,2 g</p><p>- varav mättat fett:&nbsp;7,4 g</p><p>Kolhydrat:&nbsp;21,5 g</p><p>- varav sockerarter:&nbsp;0,0 g</p><p>Fiber:&nbsp;42,6 g</p><p>Protein:&nbsp;4,9 g</p><p>Salt:&nbsp;0,13 g</p></div><div class=""ql-clipboard"" contenteditable=""true"" tabindex=""-1""></div><div class=""ql-tooltip ql-hidden""><a class=""ql-preview"" target=""_blank"" href=""about:blank""></a><input type=""text"" data-formula=""e=mc^2"" data-link=""https://quilljs.com"" data-video=""Embed URL""><a class=""ql-action""></a><a class=""ql-remove""></a></div>","Förvaras torrt och svalt.","<div class=""ql-editor"" data-gramm=""false"" contenteditable=""true""><p>Livshem har ambitionen att alltid ge rätt produkt information. Förändringar i produktens innehåll kan ske över tid, kontrollera därför alltid före användning informationen på produktens förpackning.</p></div><div class=""ql-clipboard"" contenteditable=""true"" tabindex=""-1""></div><div class=""ql-tooltip ql-hidden""><a class=""ql-preview"" target=""_blank"" href=""about:blank""></a><input type=""text"" data-formula=""e=mc^2"" data-link=""https://quilljs.com"" data-video=""Embed URL""><a class=""ql-action""></a><a class=""ql-remove""></a></div>","","27,50","","1 309,52 kr/kg","","In Stock","21g","","Kryddor & smaksättare","Kryddor"
"442","https://livsham2.softwarebyte.co/assets/images/product_image/26858.jpg","Pommes Friteskrydda","Skafferi","Lager","<div class=""ql-editor"" data-gramm=""false"" contenteditable=""true""><p><span style=""color: rgb(27, 37, 66);"">Som namnet avslöjar är pommes frites krydda god till pommes frites och stekt potatis.</span></p></div><div class=""ql-clipboard"" contenteditable=""true"" tabindex=""-1""></div><div class=""ql-tooltip ql-hidden""><a class=""ql-preview"" target=""_blank"" href=""about:blank""></a><input type=""text"" data-formula=""e=mc^2"" data-link=""https://quilljs.com"" data-video=""Embed URL""><a class=""ql-action""></a><a class=""ql-remove""></a></div>","Sverige","Salt, kryddor (lök, paprika (7,0%), rostad lök (5,0%), tomat), ROTSELLERI.","<div class=""ql-editor"" data-gramm=""false"" contenteditable=""true""><p><strong>Per 100 gram</strong></p><p>Energi (kJ)/(kcal):&nbsp;505 / 120</p><p>Fett:&nbsp;1,5 g</p><p>- varav mättat fett:&nbsp;0,2 g</p><p>Kolhydrat:&nbsp;18,6 g</p><p>- varav sockerarter:&nbsp;5,0 g</p><p>Fiber:&nbsp;7,7 g</p><p>Protein:&nbsp;4,2 g</p><p>Salt:&nbsp;63,21 g</p></div><div class=""ql-clipboard"" contenteditable=""true"" tabindex=""-1""></div><div class=""ql-tooltip ql-hidden""><a class=""ql-preview"" target=""_blank"" href=""about:blank""></a><input type=""text"" data-formula=""e=mc^2"" data-link=""https://quilljs.com"" data-video=""Embed URL""><a class=""ql-action""></a><a class=""ql-remove""></a></div>","Förvaras torrt och svalt.","<div class=""ql-editor"" data-gramm=""false"" contenteditable=""true""><p>Livshem har ambitionen att alltid ge rätt produkt information. Förändringar i produktens innehåll kan ske över tid, kontrollera därför alltid före användning informationen på produktens förpackning.</p></div><div class=""ql-clipboard"" contenteditable=""true"" tabindex=""-1""></div><div class=""ql-tooltip ql-hidden""><a class=""ql-preview"" target=""_blank"" href=""about:blank""></a><input type=""text"" data-formula=""e=mc^2"" data-link=""https://quilljs.com"" data-video=""Embed URL""><a class=""ql-action""></a><a class=""ql-remove""></a></div>","","31,50","","264,71 kr/kg","","In Stock","119g","","Kryddor & smaksättare","Kryddor"
"443","https://livsham2.softwarebyte.co/assets/images/product_image/58956.jpg","Dragon","Skafferi","Lager","<div class=""ql-editor"" data-gramm=""false"" contenteditable=""true""><p><span style=""color: rgb(27, 37, 66);"">Dragon är en klassisk örtkrydda som är god på stekt kyckling, i köttgrytor och i bearnaisesås.&nbsp;</span></p></div><div class=""ql-clipboard"" contenteditable=""true"" tabindex=""-1""></div><div class=""ql-tooltip ql-hidden""><a class=""ql-preview"" target=""_blank"" href=""about:blank""></a><input type=""text"" data-formula=""e=mc^2"" data-link=""https://quilljs.com"" data-video=""Embed URL""><a class=""ql-action""></a><a class=""ql-remove""></a></div>","Frankrike","Dragon.","<div class=""ql-editor"" data-gramm=""false"" contenteditable=""true""><p>Per 100 gram:</p><p>Energi (kJ)/(kcal):&nbsp;1441 / 342</p><p>Fett:&nbsp;7,2 g</p><p>- varav mättat fett:&nbsp;1,9 g</p><p>Kolhydrat:&nbsp;42,8 g</p><p>- varav sockerarter:&nbsp;0,0 g</p><p>Fiber:&nbsp;7,4 g</p><p>Protein:&nbsp;22,8 g</p><p>Salt:&nbsp;0,15 g</p></div><div class=""ql-clipboard"" contenteditable=""true"" tabindex=""-1""></div><div class=""ql-tooltip ql-hidden""><a class=""ql-preview"" target=""_blank"" href=""about:blank""></a><input type=""text"" data-formula=""e=mc^2"" data-link=""https://quilljs.com"" data-video=""Embed URL""><a class=""ql-action""></a><a class=""ql-remove""></a></div>","Förvaras torrt och svalt.","<div class=""ql-editor"" data-gramm=""false"" contenteditable=""true""><p>Livshem har ambitionen att alltid ge rätt produkt information. Förändringar i produktens innehåll kan ske över tid, kontrollera därför alltid före användning informationen på produktens förpackning.</p></div><div class=""ql-clipboard"" contenteditable=""true"" tabindex=""-1""></div><div class=""ql-tooltip ql-hidden""><a class=""ql-preview"" target=""_blank"" href=""about:blank""></a><input type=""text"" data-formula=""e=mc^2"" data-link=""https://quilljs.com"" data-video=""Embed URL""><a class=""ql-action""></a><a class=""ql-remove""></a></div>","","29,50","","3 277,78 kr/kg","","In Stock","9g","","Kryddor & smaksättare","Kryddor"
"444","https://livsham2.softwarebyte.co/assets/images/product_image/97623.jpg","Franska Örter","Skafferi","Lager","<div class=""ql-editor"" data-gramm=""false"" contenteditable=""true""><p><span style=""color: rgb(27, 37, 66);"">Franska örter är gott till fisk- och kötträtter, grytor och färsrätter. Den franska karaktären kommer av en perfekt balanserad örtblandning.</span></p></div><div class=""ql-clipboard"" contenteditable=""true"" tabindex=""-1""></div><div class=""ql-tooltip ql-hidden""><a class=""ql-preview"" target=""_blank"" href=""about:blank""></a><input type=""text"" data-formula=""e=mc^2"" data-link=""https://quilljs.com"" data-video=""Embed URL""><a class=""ql-action""></a><a class=""ql-remove""></a></div>","Sverige","Rosmarin, persilja, mejram, basilika, oregano, timjan, kyndel, dragon.","<div class=""ql-editor"" data-gramm=""false"" contenteditable=""true""><p><strong>Per 100 gram:</strong></p><p>Energi (kJ)/(kcal):&nbsp;1211 / 292</p><p>Fett:&nbsp;8,2 g</p><p>- varav mättat fett:&nbsp;3,2 g</p><p>Kolhydrat:&nbsp;22,8 g</p><p>- varav sockerarter:&nbsp;2,5 g</p><p>Fiber:&nbsp;37,4 g</p><p>Protein:&nbsp;13,0 g</p><p>Salt:&nbsp;0,28 g</p></div><div class=""ql-clipboard"" contenteditable=""true"" tabindex=""-1""></div><div class=""ql-tooltip ql-hidden""><a class=""ql-preview"" target=""_blank"" href=""about:blank""></a><input type=""text"" data-formula=""e=mc^2"" data-link=""https://quilljs.com"" data-video=""Embed URL""><a class=""ql-action""></a><a class=""ql-remove""></a></div>","Förvaras torrt och svalt.","<div class=""ql-editor"" data-gramm=""false"" contenteditable=""true""><p>Livshem har ambitionen att alltid ge rätt produkt information. Förändringar i produktens innehåll kan ske över tid, kontrollera därför alltid före användning informationen på produktens förpackning.</p></div><div class=""ql-clipboard"" contenteditable=""true"" tabindex=""-1""></div><div class=""ql-tooltip ql-hidden""><a class=""ql-preview"" target=""_blank"" href=""about:blank""></a><input type=""text"" data-formula=""e=mc^2"" data-link=""https://quilljs.com"" data-video=""Embed URL""><a class=""ql-action""></a><a class=""ql-remove""></a></div>","","31,50","","1 431,82 kr/kg","","In Stock","22g","","Kryddor & smaksättare","Kryddor"
"445","https://livsham2.softwarebyte.co/assets/images/product_image/95992.jpg","Persilja","Skafferi","Lager","<div class=""ql-editor"" data-gramm=""false"" contenteditable=""true""><p><span style=""color: rgb(27, 37, 66);"">Persilja är en ört med lätt syrlig mineralsmak som påminner om spenat och järn. Persilja har en given plats i nästan all matlagning: mejeriprodukter, äggrätter, grönsaksrätter, fisk- och skaldjur, kyckling, fläsk- och lammkött, bönor, linser, ris, bulgur och quinoa.&nbsp;</span>Smaken av persilja förstärks under tillagningen.</p></div><div class=""ql-clipboard"" contenteditable=""true"" tabindex=""-1""></div><div class=""ql-tooltip ql-hidden""><a class=""ql-preview"" target=""_blank"" href=""about:blank""></a><input type=""text"" data-formula=""e=mc^2"" data-link=""https://quilljs.com"" data-video=""Embed URL""><a class=""ql-action""></a><a class=""ql-remove""></a></div>","Tyskland","Persilja.","<div class=""ql-editor"" data-gramm=""false"" contenteditable=""true""><p><strong>Per 100 gram:</strong></p><p>Energi (kJ)/(kcal):&nbsp;1276 / 305</p><p>Fett:&nbsp;5,5 g</p><p>- varav mättat fett:&nbsp;1,4 g</p><p>Kolhydrat:&nbsp;23,9 g</p><p>- varav sockerarter:&nbsp;7,3 g</p><p>Fiber:&nbsp;26,7 g</p><p>Protein:&nbsp;26,6 g</p><p>Salt:&nbsp;1,13 g</p></div><div class=""ql-clipboard"" contenteditable=""true"" tabindex=""-1""></div><div class=""ql-tooltip ql-hidden""><a class=""ql-preview"" target=""_blank"" href=""about:blank""></a><input type=""text"" data-formula=""e=mc^2"" data-link=""https://quilljs.com"" data-video=""Embed URL""><a class=""ql-action""></a><a class=""ql-remove""></a></div>","","<div class=""ql-editor"" data-gramm=""false"" contenteditable=""true""><p>Livshem har ambitionen att alltid ge rätt produkt information. Förändringar i produktens innehåll kan ske över tid, kontrollera därför alltid före användning informationen på produktens förpackning.</p></div><div class=""ql-clipboard"" contenteditable=""true"" tabindex=""-1""></div><div class=""ql-tooltip ql-hidden""><a class=""ql-preview"" target=""_blank"" href=""about:blank""></a><input type=""text"" data-formula=""e=mc^2"" data-link=""https://quilljs.com"" data-video=""Embed URL""><a class=""ql-action""></a><a class=""ql-remove""></a></div>","","27,50","","3 437,50 kr/kg","","In Stock","8g","","Kryddor & smaksättare","Kryddor"
"446","https://livsham2.softwarebyte.co/assets/images/product_image/59497.jpg","Curry Mango","Skafferi","Lager","<div class=""ql-editor"" data-gramm=""false"" contenteditable=""true""><p><span style=""color: rgb(27, 37, 66);"">Vi har skapat en modern indisk curry med en frisk, syrlig smak av mango och ingefära.</span></p><p>Testa gärna Indian Mango Curry&nbsp;till vit fisk och kyckling.</p></div><div class=""ql-clipboard"" contenteditable=""true"" tabindex=""-1""></div><div class=""ql-tooltip ql-hidden""><a class=""ql-preview"" target=""_blank"" href=""about:blank""></a><input type=""text"" data-formula=""e=mc^2"" data-link=""https://quilljs.com"" data-video=""Embed URL""><a class=""ql-action""></a><a class=""ql-remove""></a></div>","Estland","Curry (45%) (koriander, gurkmeja, bockhornsklöver, cayennepeppar, spiskummin, fänkål, svartpeppar), röd och grön paprika, salt (16%), mangopulver (9,0%), chilipeppar, ingefärsextrakt, naturlig arom, klumpförebyggande medel (kiseldioxid).","<div class=""ql-editor"" data-gramm=""false"" contenteditable=""true""><p><strong>Per 100 gram:</strong></p><p>Energi (kJ)/(kcal):&nbsp;1184 / 283</p><p>Fett:&nbsp;7,3 g</p><p>- varav mättat fett:&nbsp;1,0 g</p><p>Kolhydrat:&nbsp;33,3 g</p><p>- varav sockerarter:&nbsp;14,5 g</p><p>Fiber:&nbsp;19,9 g</p><p>Protein:&nbsp;11,1 g</p><p>Salt:&nbsp;16,16 g</p></div><div class=""ql-clipboard"" contenteditable=""true"" tabindex=""-1""></div><div class=""ql-tooltip ql-hidden""><a class=""ql-preview"" target=""_blank"" href=""about:blank""></a><input type=""text"" data-formula=""e=mc^2"" data-link=""https://quilljs.com"" data-video=""Embed URL""><a class=""ql-action""></a><a class=""ql-remove""></a></div>","Förvaras torrt och svalt.","<div class=""ql-editor"" data-gramm=""false"" contenteditable=""true""><p>Livshem har ambitionen att alltid ge rätt produkt information. Förändringar i produktens innehåll kan ske över tid, kontrollera därför alltid före användning informationen på produktens förpackning.</p></div><div class=""ql-clipboard"" contenteditable=""true"" tabindex=""-1""></div><div class=""ql-tooltip ql-hidden""><a class=""ql-preview"" target=""_blank"" href=""about:blank""></a><input type=""text"" data-formula=""e=mc^2"" data-link=""https://quilljs.com"" data-video=""Embed URL""><a class=""ql-action""></a><a class=""ql-remove""></a></div>","","36,95","","901,22 kr/kg","","In Stock","41g","","Kryddor & smaksättare","Kryddor"
"447","https://livsham2.softwarebyte.co/assets/images/product_image/28277.jpg","Dill","Skafferi","Lager","<div class=""ql-editor"" data-gramm=""false"" contenteditable=""true""><p><span style=""color: rgb(27, 37, 66);"">Dill är en populär ört att använda till fisk, skaldjur och potatis liksom i sås och dressing. Torkad dill passar bra till rätter där färsk dill annars ingår. Smaken av dill förstärks under tillagningen.</span></p></div><div class=""ql-clipboard"" contenteditable=""true"" tabindex=""-1""></div><div class=""ql-tooltip ql-hidden""><a class=""ql-preview"" target=""_blank"" href=""about:blank""></a><input type=""text"" data-formula=""e=mc^2"" data-link=""https://quilljs.com"" data-video=""Embed URL""><a class=""ql-action""></a><a class=""ql-remove""></a></div>","Tyskland","","<div class=""ql-editor"" data-gramm=""false"" contenteditable=""true""><p>Per 100 gram:</p><p>Energi (kJ)/(kcal):&nbsp;1329 / 316</p><p>Fett:&nbsp;4,4 g</p><p>- varav mättat fett:&nbsp;0,2 g</p><p>Kolhydrat:&nbsp;42,2 g</p><p>- varav sockerarter:&nbsp;0,0 g</p><p>Fiber:&nbsp;13,6 g</p><p>Protein:&nbsp;20,0 g</p><p>Salt:&nbsp;0,52 g</p></div><div class=""ql-clipboard"" contenteditable=""true"" tabindex=""-1""></div><div class=""ql-tooltip ql-hidden""><a class=""ql-preview"" target=""_blank"" href=""about:blank""></a><input type=""text"" data-formula=""e=mc^2"" data-link=""https://quilljs.com"" data-video=""Embed URL""><a class=""ql-action""></a><a class=""ql-remove""></a></div>","Förvaras torrt och svalt.","<div class=""ql-editor"" data-gramm=""false"" contenteditable=""true""><p>Livshem har ambitionen att alltid ge rätt produkt information. Förändringar i produktens innehåll kan ske över tid, kontrollera därför alltid före användning informationen på produktens förpackning.</p></div><div class=""ql-clipboard"" contenteditable=""true"" tabindex=""-1""></div><div class=""ql-tooltip ql-hidden""><a class=""ql-preview"" target=""_blank"" href=""about:blank""></a><input type=""text"" data-formula=""e=mc^2"" data-link=""https://quilljs.com"" data-video=""Embed URL""><a class=""ql-action""></a><a class=""ql-remove""></a></div>","","27,50","","2 115,38 kr/kg","","In Stock","13g","","Kryddor & smaksättare","Kryddor"
"448","https://livsham2.softwarebyte.co/assets/images/product_image/98403.jpg","Gurkmeja","Skafferi","Lager","<div class=""ql-editor"" data-gramm=""false"" contenteditable=""true""><p><span style=""color: rgb(27, 37, 66);"">Gurkmeja används inte för sin smak. Det är istället den vackra gula färgen som höjer risrätter, fisksoppa, curryrätter med mera till en smakupplevelse för ögat.</span></p></div><div class=""ql-clipboard"" contenteditable=""true"" tabindex=""-1""></div><div class=""ql-tooltip ql-hidden""><a class=""ql-preview"" target=""_blank"" href=""about:blank""></a><input type=""text"" data-formula=""e=mc^2"" data-link=""https://quilljs.com"" data-video=""Embed URL""><a class=""ql-action""></a><a class=""ql-remove""></a></div>","Indien","Gurkmeja.","<div class=""ql-editor"" data-gramm=""false"" contenteditable=""true""><p>Per 100 gram:</p><p>Energi (kJ)/(kcal):&nbsp;1223 / 292</p><p>Fett:&nbsp;3,3 g</p><p>- varav mättat fett:&nbsp;1,8 g</p><p>Kolhydrat:&nbsp;44,4 g</p><p>- varav sockerarter:&nbsp;3,2 g</p><p>Fiber:&nbsp;22,7 g</p><p>Protein:&nbsp;9,7 g</p><p>Salt:&nbsp;0,07 g</p></div><div class=""ql-clipboard"" contenteditable=""true"" tabindex=""-1""></div><div class=""ql-tooltip ql-hidden""><a class=""ql-preview"" target=""_blank"" href=""about:blank""></a><input type=""text"" data-formula=""e=mc^2"" data-link=""https://quilljs.com"" data-video=""Embed URL""><a class=""ql-action""></a><a class=""ql-remove""></a></div>","Förvaras torrt och svalt.","<div class=""ql-editor"" data-gramm=""false"" contenteditable=""true""><p>Livshem har ambitionen att alltid ge rätt produkt information. Förändringar i produktens innehåll kan ske över tid, kontrollera därför alltid före användning informationen på produktens förpackning.</p></div><div class=""ql-clipboard"" contenteditable=""true"" tabindex=""-1""></div><div class=""ql-tooltip ql-hidden""><a class=""ql-preview"" target=""_blank"" href=""about:blank""></a><input type=""text"" data-formula=""e=mc^2"" data-link=""https://quilljs.com"" data-video=""Embed URL""><a class=""ql-action""></a><a class=""ql-remove""></a></div>","","27,50","","785,71 kr/kg","","In Stock","35g","","Kryddor & smaksättare","Kryddor"
"449","https://livsham2.softwarebyte.co/assets/images/product_image/45252.jpg","Chilipulver","Skafferi","Lager","<div class=""ql-editor"" data-gramm=""false"" contenteditable=""true""><p><span style=""color: rgb(27, 37, 66);"">Passar utmärkt i Chili Con Carne och andra gryt- och kötträtter.</span></p></div><div class=""ql-clipboard"" contenteditable=""true"" tabindex=""-1""></div><div class=""ql-tooltip ql-hidden""><a class=""ql-preview"" target=""_blank"" href=""about:blank""></a><input type=""text"" data-formula=""e=mc^2"" data-link=""https://quilljs.com"" data-video=""Embed URL""><a class=""ql-action""></a><a class=""ql-remove""></a></div>","Indien","Kryddor och örter (chilipeppar (76%), spiskummin, oregano, vitlök), salt (8,0%), klumpförebyggande medel (kiseldioxid).","<div class=""ql-editor"" data-gramm=""false"" contenteditable=""true""><p><strong>&nbsp;Per 100 gram</strong></p><p>Energi (kJ)/(kcal):&nbsp;1256 / 302</p><p>Fett:&nbsp;10,7 g</p><p>- varav mättat fett:&nbsp;2,0 g</p><p>Kolhydrat:&nbsp;25,0 g</p><p>- varav sockerarter:&nbsp;9,1 g</p><p>Fiber:&nbsp;27,6 g</p><p>Protein:&nbsp;12,6 g</p><p>Salt:&nbsp;8,26 g</p></div><div class=""ql-clipboard"" contenteditable=""true"" tabindex=""-1""></div><div class=""ql-tooltip ql-hidden""><a class=""ql-preview"" target=""_blank"" href=""about:blank""></a><input type=""text"" data-formula=""e=mc^2"" data-link=""https://quilljs.com"" data-video=""Embed URL""><a class=""ql-action""></a><a class=""ql-remove""></a></div>","Förvaras torrt och svalt.","<div class=""ql-editor"" data-gramm=""false"" contenteditable=""true""><p>Livshem har ambitionen att alltid ge rätt produkt information. Förändringar i produktens innehåll kan ske över tid, kontrollera därför alltid före användning informationen på produktens förpackning.</p></div><div class=""ql-clipboard"" contenteditable=""true"" tabindex=""-1""></div><div class=""ql-tooltip ql-hidden""><a class=""ql-preview"" target=""_blank"" href=""about:blank""></a><input type=""text"" data-formula=""e=mc^2"" data-link=""https://quilljs.com"" data-video=""Embed URL""><a class=""ql-action""></a><a class=""ql-remove""></a></div>","","27,50","","670,73 kr/kg","","In Stock","41g","","Kryddor & smaksättare","Kryddor"
"450","https://livsham2.softwarebyte.co/assets/images/product_image/57005.jpg","Svartpeppar Grovmalen","Skafferi","Lager","<div class=""ql-editor"" data-gramm=""false"" contenteditable=""true""><p><span style=""color: rgb(27, 37, 66);"">Svartpeppar har en aromatisk smak med behaglig hetta. Den passar till all slags matlagning och som bordskrydda.</span></p><p>Svartpeppar är en av kryddorna det handlas mest med i hela världen. Svartpeppar framställs genom att plocka halvmogna bär från pepparväxten Piper Nigrum. Bären läggs i solen för att fermentera (jäsa) och torka. Processen tar lite mer än en vecka.</p></div><div class=""ql-clipboard"" contenteditable=""true"" tabindex=""-1""></div><div class=""ql-tooltip ql-hidden""><a class=""ql-preview"" target=""_blank"" href=""about:blank""></a><input type=""text"" data-formula=""e=mc^2"" data-link=""https://quilljs.com"" data-video=""Embed URL""><a class=""ql-action""></a><a class=""ql-remove""></a></div>","Indien","Svartpeppar.","<div class=""ql-editor"" data-gramm=""false"" contenteditable=""true""><p><strong>Per 100 gram</strong></p><p>Energi (kJ)/(kcal):&nbsp;1158 / 276</p><p>Fett:&nbsp;3,3 g</p><p>- varav mättat fett:&nbsp;1,4 g</p><p>Kolhydrat:&nbsp;38,6 g</p><p>- varav sockerarter:&nbsp;0,6 g</p><p>Fiber:&nbsp;25,3 g</p><p>Protein:&nbsp;10,4 g</p><p>Salt:&nbsp;0,05 g</p></div><div class=""ql-clipboard"" contenteditable=""true"" tabindex=""-1""></div><div class=""ql-tooltip ql-hidden""><a class=""ql-preview"" target=""_blank"" href=""about:blank""></a><input type=""text"" data-formula=""e=mc^2"" data-link=""https://quilljs.com"" data-video=""Embed URL""><a class=""ql-action""></a><a class=""ql-remove""></a></div>","Förvaras torrt och svalt.","<div class=""ql-editor"" data-gramm=""false"" contenteditable=""true""><p>Livshem har ambitionen att alltid ge rätt produkt information. Förändringar i produktens innehåll kan ske över tid, kontrollera därför alltid före användning informationen på produktens förpackning.</p></div><div class=""ql-clipboard"" contenteditable=""true"" tabindex=""-1""></div><div class=""ql-tooltip ql-hidden""><a class=""ql-preview"" target=""_blank"" href=""about:blank""></a><input type=""text"" data-formula=""e=mc^2"" data-link=""https://quilljs.com"" data-video=""Embed URL""><a class=""ql-action""></a><a class=""ql-remove""></a></div>","","29,50","","867,65 kr/kg","","In Stock","34g","","Kryddor & smaksättare","Kryddor"
"451","https://livsham2.softwarebyte.co/assets/images/product_image/77168.jpg","Kardemumma Malen","Skafferi","Lager","<div class=""ql-editor"" data-gramm=""false"" contenteditable=""true""><p><span style=""color: rgb(27, 37, 66);"">Kardemumma är en mild och aromatisk krydda. Dess fylliga smak passar bra i både maträtter, drycker och bakverk.</span></p><p><br></p><p><span style=""color: rgb(27, 37, 66);"">Tips: Smaksätt ditt morgonkaffe med kardemumma! Blanda kardemumma i mörkt bryggkaffe och brygg kaffet som vanligt. 1 tsk kardemumma är lagom till 4 koppar kaffe.</span></p></div><div class=""ql-clipboard"" contenteditable=""true"" tabindex=""-1""></div><div class=""ql-tooltip ql-hidden""><a class=""ql-preview"" target=""_blank"" href=""about:blank""></a><input type=""text"" data-formula=""e=mc^2"" data-link=""https://quilljs.com"" data-video=""Embed URL""><a class=""ql-action""></a><a class=""ql-remove""></a></div>","Guatemala","Kardemumma.","<div class=""ql-editor"" data-gramm=""false"" contenteditable=""true""><p>Per 100 gram</p><p>Energi (kJ)/(kcal):&nbsp;1344 / 322</p><p>Fett:&nbsp;6,7 g</p><p>- varav mättat fett:&nbsp;0,7 g</p><p>Kolhydrat:&nbsp;40,5 g</p><p>- varav sockerarter:&nbsp;0,0 g</p><p>Fiber:&nbsp;28,0 g</p><p>Protein:&nbsp;10,8 g</p><p>Salt:&nbsp;0,04 g</p></div><div class=""ql-clipboard"" contenteditable=""true"" tabindex=""-1""></div><div class=""ql-tooltip ql-hidden""><a class=""ql-preview"" target=""_blank"" href=""about:blank""></a><input type=""text"" data-formula=""e=mc^2"" data-link=""https://quilljs.com"" data-video=""Embed URL""><a class=""ql-action""></a><a class=""ql-remove""></a></div>","Förvaras torrt och svalt.","<div class=""ql-editor"" data-gramm=""false"" contenteditable=""true""><p>Livshem har ambitionen att alltid ge rätt produkt information. Förändringar i produktens innehåll kan ske över tid, kontrollera därför alltid före användning informationen på produktens förpackning.</p></div><div class=""ql-clipboard"" contenteditable=""true"" tabindex=""-1""></div><div class=""ql-tooltip ql-hidden""><a class=""ql-preview"" target=""_blank"" href=""about:blank""></a><input type=""text"" data-formula=""e=mc^2"" data-link=""https://quilljs.com"" data-video=""Embed URL""><a class=""ql-action""></a><a class=""ql-remove""></a></div>","","36,95","","1 319,64 kr/kg","","In Stock","28g","","Kryddor & smaksättare","Kryddor"
"452","https://livsham2.softwarebyte.co/assets/images/product_image/87090.jpg","Pepparmix","Skafferi","Lager","<div class=""ql-editor"" data-gramm=""false"" contenteditable=""true""><p><span style=""color: rgb(27, 37, 66);"">Pepparmix är en kryddblandning med mycket peppar. Pepparmix passar till stekt och grillad mat men också i såser och grytor.&nbsp;</span></p></div><div class=""ql-clipboard"" contenteditable=""true"" tabindex=""-1""></div><div class=""ql-tooltip ql-hidden""><a class=""ql-preview"" target=""_blank"" href=""about:blank""></a><input type=""text"" data-formula=""e=mc^2"" data-link=""https://quilljs.com"" data-video=""Embed URL""><a class=""ql-action""></a><a class=""ql-remove""></a></div>","Sverige","Kryddor (svartpeppar (36%), SENAPSFRÖ, lök, koriander, cayennepeppar (3,0%), kryddpeppar), salt, röd paprika, ROTSELLERI.","<div class=""ql-editor"" data-gramm=""false"" contenteditable=""true""><p>Per 100 gram</p><p>Energi (kJ)/(kcal):&nbsp;1146 / 274</p><p>Fett:&nbsp;8,3 g</p><p>- varav mättat fett:&nbsp;1,0 g</p><p>Kolhydrat:&nbsp;29,1 g</p><p>- varav sockerarter:&nbsp;8,7 g</p><p>Fiber:&nbsp;17,7 g</p><p>Protein:&nbsp;11,9 g</p><p>Salt:&nbsp;20,16 g</p></div><div class=""ql-clipboard"" contenteditable=""true"" tabindex=""-1""></div><div class=""ql-tooltip ql-hidden""><a class=""ql-preview"" target=""_blank"" href=""about:blank""></a><input type=""text"" data-formula=""e=mc^2"" data-link=""https://quilljs.com"" data-video=""Embed URL""><a class=""ql-action""></a><a class=""ql-remove""></a></div>","Förvaras torrt och svalt.","<div class=""ql-editor"" data-gramm=""false"" contenteditable=""true""><p>Livshem har ambitionen att alltid ge rätt produkt information. Förändringar i produktens innehåll kan ske över tid, kontrollera därför alltid före användning informationen på produktens förpackning.</p></div><div class=""ql-clipboard"" contenteditable=""true"" tabindex=""-1""></div><div class=""ql-tooltip ql-hidden""><a class=""ql-preview"" target=""_blank"" href=""about:blank""></a><input type=""text"" data-formula=""e=mc^2"" data-link=""https://quilljs.com"" data-video=""Embed URL""><a class=""ql-action""></a><a class=""ql-remove""></a></div>","","31,50","","425,68 kr/kg","","In Stock","74g","","Kryddor & smaksättare","Kryddor"
"453","https://livsham2.softwarebyte.co/assets/images/product_image/54531.jpg","Örtagårdskrydda","Skafferi","Lager","<div class=""ql-editor"" data-gramm=""false"" contenteditable=""true""><p>Örtagårdskrydda från Santa Maria</p></div><div class=""ql-clipboard"" contenteditable=""true"" tabindex=""-1""></div><div class=""ql-tooltip ql-hidden""><a class=""ql-preview"" target=""_blank"" href=""about:blank""></a><input type=""text"" data-formula=""e=mc^2"" data-link=""https://quilljs.com"" data-video=""Embed URL""><a class=""ql-action""></a><a class=""ql-remove""></a></div>","Sverige","Lök (42%), örter (25%) (persilja, rosmarin, oregano, basilika, mejram, timjan, kyndel), svartpeppar, SENAPSFRÖ, röd paprika (6,0%), koriander.","<div class=""ql-editor"" data-gramm=""false"" contenteditable=""true""><p><strong>Per 100 gram</strong></p><p>Energi (kJ)/(kcal):&nbsp;1383 / 330</p><p>Fett:&nbsp;6,3 g</p><p>- varav mättat fett:&nbsp;1,1 g</p><p>Kolhydrat:&nbsp;43,0 g</p><p>- varav sockerarter:&nbsp;6,9 g</p><p>Fiber:&nbsp;22,8 g</p><p>Protein:&nbsp;13,9 g</p><p>Salt:&nbsp;0,25 g</p></div><div class=""ql-clipboard"" contenteditable=""true"" tabindex=""-1""></div><div class=""ql-tooltip ql-hidden""><a class=""ql-preview"" target=""_blank"" href=""about:blank""></a><input type=""text"" data-formula=""e=mc^2"" data-link=""https://quilljs.com"" data-video=""Embed URL""><a class=""ql-action""></a><a class=""ql-remove""></a></div>","Förvaras torrt och svalt.","<div class=""ql-editor"" data-gramm=""false"" contenteditable=""true""><p>Livshem har ambitionen att alltid ge rätt produkt information. Förändringar i produktens innehåll kan ske över tid, kontrollera därför alltid före användning informationen på produktens förpackning.</p></div><div class=""ql-clipboard"" contenteditable=""true"" tabindex=""-1""></div><div class=""ql-tooltip ql-hidden""><a class=""ql-preview"" target=""_blank"" href=""about:blank""></a><input type=""text"" data-formula=""e=mc^2"" data-link=""https://quilljs.com"" data-video=""Embed URL""><a class=""ql-action""></a><a class=""ql-remove""></a></div>","","31,50","","594,34 kr/kg","","In Stock","53g","","Kryddor & smaksättare","Kryddor"
"454","https://livsham2.softwarebyte.co/assets/images/product_image/33672.jpg","Spiskummin","Skafferi","Lager","<div class=""ql-editor"" data-gramm=""false"" contenteditable=""true""><p><span style=""color: rgb(27, 37, 66);"">Spiskummin är en viktig del av smaksättningen i många indiska och mexikanska rätter. Smaken är stark, kryddig och nästan lite besk. Med en fräsch lite örtig avslutning.&nbsp;</span></p></div><div class=""ql-clipboard"" contenteditable=""true"" tabindex=""-1""></div><div class=""ql-tooltip ql-hidden""><a class=""ql-preview"" target=""_blank"" href=""about:blank""></a><input type=""text"" data-formula=""e=mc^2"" data-link=""https://quilljs.com"" data-video=""Embed URL""><a class=""ql-action""></a><a class=""ql-remove""></a></div>","Indien","","<div class=""ql-editor"" data-gramm=""false"" contenteditable=""true""><p><strong>Per 100 gram:</strong></p><p>Energi (kJ)/(kcal):&nbsp;1785 / 428</p><p>Fett:&nbsp;22,3 g</p><p>- varav mättat fett:&nbsp;1,5 g</p><p>Kolhydrat:&nbsp;33,7 g</p><p>- varav sockerarter:&nbsp;2,3 g</p><p>Fiber:&nbsp;10,5 g</p><p>Protein:&nbsp;17,8 g</p><p>Salt:&nbsp;0,42 g</p></div><div class=""ql-clipboard"" contenteditable=""true"" tabindex=""-1""></div><div class=""ql-tooltip ql-hidden""><a class=""ql-preview"" target=""_blank"" href=""about:blank""></a><input type=""text"" data-formula=""e=mc^2"" data-link=""https://quilljs.com"" data-video=""Embed URL""><a class=""ql-action""></a><a class=""ql-remove""></a></div>","Förvaras torrt och svalt.","<div class=""ql-editor"" data-gramm=""false"" contenteditable=""true""><p>Livshem har ambitionen att alltid ge rätt produkt information. Förändringar i produktens innehåll kan ske över tid, kontrollera därför alltid före användning informationen på produktens förpackning.</p></div><div class=""ql-clipboard"" contenteditable=""true"" tabindex=""-1""></div><div class=""ql-tooltip ql-hidden""><a class=""ql-preview"" target=""_blank"" href=""about:blank""></a><input type=""text"" data-formula=""e=mc^2"" data-link=""https://quilljs.com"" data-video=""Embed URL""><a class=""ql-action""></a><a class=""ql-remove""></a></div>","","27,50","","833,33 kr/kg","","In Stock","33g","","Kryddor & smaksättare","Kryddor"
"455","https://livsham2.softwarebyte.co/assets/images/product_image/87870.jpg","Svartpeppar Malen","Skafferi","Lager","<div class=""ql-editor"" data-gramm=""false"" contenteditable=""true""><p><span style=""color: rgb(27, 37, 66);"">Svartpeppar har en aromatisk smak med behaglig hetta. Den passar till all slags matlagning och som bordskrydda.</span></p><p>Svartpeppar är en av kryddorna det handlas mest med i hela världen. Svartpeppar framställs genom att plocka halvmogna bär från pepparväxten Piper Nigrum. Bären läggs i solen för att fermentera (jäsa) och torka. Processen tar lite mer än en vecka.</p></div><div class=""ql-clipboard"" contenteditable=""true"" tabindex=""-1""></div><div class=""ql-tooltip ql-hidden""><a class=""ql-preview"" target=""_blank"" href=""about:blank""></a><input type=""text"" data-formula=""e=mc^2"" data-link=""https://quilljs.com"" data-video=""Embed URL""><a class=""ql-action""></a><a class=""ql-remove""></a></div>","Indien","Svartpeppar.","<div class=""ql-editor"" data-gramm=""false"" contenteditable=""true""><p>Per 100 gram:</p><p>Energi (kJ)/(kcal):&nbsp;1158 / 276</p><p>Fett:&nbsp;3,3 g</p><p>- varav mättat fett:&nbsp;1,4 g</p><p>Kolhydrat:&nbsp;38,6 g</p><p>- varav sockerarter:&nbsp;0,6 g</p><p>Fiber:&nbsp;25,3 g</p><p>Protein:&nbsp;10,4 g</p><p>Salt:&nbsp;0,05 g</p></div><div class=""ql-clipboard"" contenteditable=""true"" tabindex=""-1""></div><div class=""ql-tooltip ql-hidden""><a class=""ql-preview"" target=""_blank"" href=""about:blank""></a><input type=""text"" data-formula=""e=mc^2"" data-link=""https://quilljs.com"" data-video=""Embed URL""><a class=""ql-action""></a><a class=""ql-remove""></a></div>","Förvaras torrt och svalt.","<div class=""ql-editor"" data-gramm=""false"" contenteditable=""true""><p>Livshem har ambitionen att alltid ge rätt produkt information. Förändringar i produktens innehåll kan ske över tid, kontrollera därför alltid före användning informationen på produktens förpackning.</p></div><div class=""ql-clipboard"" contenteditable=""true"" tabindex=""-1""></div><div class=""ql-tooltip ql-hidden""><a class=""ql-preview"" target=""_blank"" href=""about:blank""></a><input type=""text"" data-formula=""e=mc^2"" data-link=""https://quilljs.com"" data-video=""Embed URL""><a class=""ql-action""></a><a class=""ql-remove""></a></div>","","29,50","","951,61 kr/k","","In Stock","31g","","Kryddor & smaksättare","Kryddor"
"456","https://livsham2.softwarebyte.co/assets/images/product_image/65563.jpg","Ingefära Malen","Skafferi","Lager","<div class=""ql-editor"" data-gramm=""false"" contenteditable=""true""><p><span style=""color: rgb(27, 37, 66);"">Ingefära har en aromatiskt kryddig med en touch av citrus. Ingefära är gott till fläskkött men även i bakverk och i vispad grädde till fruktdesserter.</span></p><p>Ingefära är en liljeväxt vars rotstock används som krydda.</p></div><div class=""ql-clipboard"" contenteditable=""true"" tabindex=""-1""></div><div class=""ql-tooltip ql-hidden""><a class=""ql-preview"" target=""_blank"" href=""about:blank""></a><input type=""text"" data-formula=""e=mc^2"" data-link=""https://quilljs.com"" data-video=""Embed URL""><a class=""ql-action""></a><a class=""ql-remove""></a></div>","Kina","Ingefära.","<div class=""ql-editor"" data-gramm=""false"" contenteditable=""true""><p><strong>Per 100 gram:</strong></p><p>Energi (kJ)/(kcal):&nbsp;1399 / 332</p><p>Fett:&nbsp;4,2 g</p><p>- varav mättat fett:&nbsp;2,6 g</p><p>Kolhydrat:&nbsp;57,5 g</p><p>- varav sockerarter:&nbsp;3,4 g</p><p>Fiber:&nbsp;14,1 g</p><p>Protein:&nbsp;9,0 g</p><p>Salt:&nbsp;0,07 g</p></div><div class=""ql-clipboard"" contenteditable=""true"" tabindex=""-1""></div><div class=""ql-tooltip ql-hidden""><a class=""ql-preview"" target=""_blank"" href=""about:blank""></a><input type=""text"" data-formula=""e=mc^2"" data-link=""https://quilljs.com"" data-video=""Embed URL""><a class=""ql-action""></a><a class=""ql-remove""></a></div>","Förvaras torrt och svalt.","<div class=""ql-editor"" data-gramm=""false"" contenteditable=""true""><p>Livshem har ambitionen att alltid ge rätt produkt information. Förändringar i produktens innehåll kan ske över tid, kontrollera därför alltid före användning informationen på produktens förpackning.</p></div><div class=""ql-clipboard"" contenteditable=""true"" tabindex=""-1""></div><div class=""ql-tooltip ql-hidden""><a class=""ql-preview"" target=""_blank"" href=""about:blank""></a><input type=""text"" data-formula=""e=mc^2"" data-link=""https://quilljs.com"" data-video=""Embed URL""><a class=""ql-action""></a><a class=""ql-remove""></a></div>","","27,50","","887,10 kr/kg","","In Stock","31g","","Kryddor & smaksättare","Kryddor"
"457","https://livsham2.softwarebyte.co/assets/images/product_image/63179.jpg","Pizzakrydda","Skafferi","Lager","<div class=""ql-editor"" data-gramm=""false"" contenteditable=""true""><p><span style=""color: rgb(27, 37, 66);"">Pizzakrydda är framtagen för att passa till pizza. Förutom på pizzan är den också god på varma smörgåsar och i pastasåsen.</span></p></div><div class=""ql-clipboard"" contenteditable=""true"" tabindex=""-1""></div><div class=""ql-tooltip ql-hidden""><a class=""ql-preview"" target=""_blank"" href=""about:blank""></a><input type=""text"" data-formula=""e=mc^2"" data-link=""https://quilljs.com"" data-video=""Embed URL""><a class=""ql-action""></a><a class=""ql-remove""></a></div>","Sverige","Oregano, basilika, mejram.","<div class=""ql-editor"" data-gramm=""false"" contenteditable=""true""><p>Per 100 gram</p><p>Energi (kJ)/(kcal):&nbsp;1071 / 258</p><p>Fett:&nbsp;4,7 g</p><p>- varav mättat fett:&nbsp;1,6 g</p><p>Kolhydrat:&nbsp;18,6 g</p><p>- varav sockerarter:&nbsp;3,1 g</p><p>Fiber:&nbsp;40,1 g</p><p>Protein:&nbsp;15,3 g</p><p>Salt:&nbsp;0,14 g</p></div><div class=""ql-clipboard"" contenteditable=""true"" tabindex=""-1""></div><div class=""ql-tooltip ql-hidden""><a class=""ql-preview"" target=""_blank"" href=""about:blank""></a><input type=""text"" data-formula=""e=mc^2"" data-link=""https://quilljs.com"" data-video=""Embed URL""><a class=""ql-action""></a><a class=""ql-remove""></a></div>","Förvaras torrt och svalt.","<div class=""ql-editor"" data-gramm=""false"" contenteditable=""true""><p>Livshem har ambitionen att alltid ge rätt produkt information. Förändringar i produktens innehåll kan ske över tid, kontrollera därför alltid före användning informationen på produktens förpackning.</p></div><div class=""ql-clipboard"" contenteditable=""true"" tabindex=""-1""></div><div class=""ql-tooltip ql-hidden""><a class=""ql-preview"" target=""_blank"" href=""about:blank""></a><input type=""text"" data-formula=""e=mc^2"" data-link=""https://quilljs.com"" data-video=""Embed URL""><a class=""ql-action""></a><a class=""ql-remove""></a></div>","","46,50","","2 906,25 kr/kg","","In Stock","16g","","Kryddor & smaksättare","Kryddor"
"458","https://livsham2.softwarebyte.co/assets/images/product_image/25535.jpg","Kebabkrydda","Skafferi","Lager","<div class=""ql-editor"" data-gramm=""false"" contenteditable=""true""><p><span style=""color: rgb(27, 37, 66);"">Santa Maria Kebabkrydda är den perfekta kryddblandningen när du vill göra en äkta kebab. Kryddblandningen innehåller svartpeppar, paprika, spiskummin och oregano. Passar även bra till andra rätter med fläskkött, nötkött och färs.</span></p></div><div class=""ql-clipboard"" contenteditable=""true"" tabindex=""-1""></div><div class=""ql-tooltip ql-hidden""><a class=""ql-preview"" target=""_blank"" href=""about:blank""></a><input type=""text"" data-formula=""e=mc^2"" data-link=""https://quilljs.com"" data-video=""Embed URL""><a class=""ql-action""></a><a class=""ql-remove""></a></div>","Sverige","Svartpeppar, oregano, spiskummin, paprika, cayennepeppar, vitlök, gurkmeja, koriander, chilipeppar.","<div class=""ql-editor"" data-gramm=""false"" contenteditable=""true""><p>Per 100 gram:</p><p>Energi (kJ)/(kcal):&nbsp;1335 / 320</p><p>Fett:&nbsp;9,4 g</p><p>- varav mättat fett:&nbsp;1,5 g</p><p>Kolhydrat:&nbsp;33,1 g</p><p>- varav sockerarter:&nbsp;4,2 g</p><p>Fiber:&nbsp;26,7 g</p><p>Protein:&nbsp;12,4 g</p><p>Salt:&nbsp;0,15 g</p></div><div class=""ql-clipboard"" contenteditable=""true"" tabindex=""-1""></div><div class=""ql-tooltip ql-hidden""><a class=""ql-preview"" target=""_blank"" href=""about:blank""></a><input type=""text"" data-formula=""e=mc^2"" data-link=""https://quilljs.com"" data-video=""Embed URL""><a class=""ql-action""></a><a class=""ql-remove""></a></div>","Förvaras torrt och svalt.","<div class=""ql-editor"" data-gramm=""false"" contenteditable=""true""><p>Livshem har ambitionen att alltid ge rätt produkt information. Förändringar i produktens innehåll kan ske över tid, kontrollera därför alltid före användning informationen på produktens förpackning.</p></div><div class=""ql-clipboard"" contenteditable=""true"" tabindex=""-1""></div><div class=""ql-tooltip ql-hidden""><a class=""ql-preview"" target=""_blank"" href=""about:blank""></a><input type=""text"" data-formula=""e=mc^2"" data-link=""https://quilljs.com"" data-video=""Embed URL""><a class=""ql-action""></a><a class=""ql-remove""></a></div>","","46,50","","845,45 kr/kg","","In Stock","55g","","Kryddor & smaksättare","Kryddor"
"459","https://livsham2.softwarebyte.co/assets/images/product_image/60532.jpg","Paprika Stark","Skafferi","Lager","<div class=""ql-editor"" data-gramm=""false"" contenteditable=""true""><p><span style=""color: rgb(27, 37, 66);"">En starkare paprika. Paprika används till gryträtter, stekar, grillat kött, kyckling, äggrätter, fisk- och skaldjurssoppa.&nbsp;</span></p></div><div class=""ql-clipboard"" contenteditable=""true"" tabindex=""-1""></div><div class=""ql-tooltip ql-hidden""><a class=""ql-preview"" target=""_blank"" href=""about:blank""></a><input type=""text"" data-formula=""e=mc^2"" data-link=""https://quilljs.com"" data-video=""Embed URL""><a class=""ql-action""></a><a class=""ql-remove""></a></div>","Sverige","Paprika, chilipeppar, cayennepeppar (2,0%).","<div class=""ql-editor"" data-gramm=""false"" contenteditable=""true""><p><strong>Per 100 gram:</strong></p><p>Energi (kJ)/(kcal):&nbsp;1360 / 327</p><p>Fett:&nbsp;12,6 g</p><p>- varav mättat fett:&nbsp;1,6 g</p><p>Kolhydrat:&nbsp;24,5 g</p><p>- varav sockerarter:&nbsp;11,2 g</p><p>Fiber:&nbsp;30,5 g</p><p>Protein:&nbsp;13,7 g</p><p>Salt:&nbsp;0,21 g</p></div><div class=""ql-clipboard"" contenteditable=""true"" tabindex=""-1""></div><div class=""ql-tooltip ql-hidden""><a class=""ql-preview"" target=""_blank"" href=""about:blank""></a><input type=""text"" data-formula=""e=mc^2"" data-link=""https://quilljs.com"" data-video=""Embed URL""><a class=""ql-action""></a><a class=""ql-remove""></a></div>","Förvaras torrt och svalt.","<div class=""ql-editor"" data-gramm=""false"" contenteditable=""true""><p>Livshem har ambitionen att alltid ge rätt produkt information. Förändringar i produktens innehåll kan ske över tid, kontrollera därför alltid före användning informationen på produktens förpackning.</p></div><div class=""ql-clipboard"" contenteditable=""true"" tabindex=""-1""></div><div class=""ql-tooltip ql-hidden""><a class=""ql-preview"" target=""_blank"" href=""about:blank""></a><input type=""text"" data-formula=""e=mc^2"" data-link=""https://quilljs.com"" data-video=""Embed URL""><a class=""ql-action""></a><a class=""ql-remove""></a></div>","","27,50","","743,24 kr/kg","","In Stock","37g","","Kryddor & smaksättare","Kryddor"
"460","https://livsham2.softwarebyte.co/assets/images/product_image/23135.jpg","Svartpeppar Grovmalen","Skafferi","Lager","<div class=""ql-editor"" data-gramm=""false"" contenteditable=""true""><p>Svartpeppar Grovmalen från Santa Maria. </p></div><div class=""ql-clipboard"" contenteditable=""true"" tabindex=""-1""></div><div class=""ql-tooltip ql-hidden""><a class=""ql-preview"" target=""_blank"" href=""about:blank""></a><input type=""text"" data-formula=""e=mc^2"" data-link=""https://quilljs.com"" data-video=""Embed URL""><a class=""ql-action""></a><a class=""ql-remove""></a></div>","Indien","Svartpeppar.","<div class=""ql-editor"" data-gramm=""false"" contenteditable=""true""><p><strong>&nbsp;Per 100 gram:</strong></p><p>Energi (kJ)/(kcal):&nbsp;1158 / 276</p><p>Fett:&nbsp;3,3 g</p><p>- varav mättat fett:&nbsp;1,4 g</p><p>Kolhydrat:&nbsp;38,6 g</p><p>- varav sockerarter:&nbsp;0,6 g</p><p>Fiber:&nbsp;25,3 g</p><p>Protein:&nbsp;10,4 g</p><p>Salt:&nbsp;0,05 g</p></div><div class=""ql-clipboard"" contenteditable=""true"" tabindex=""-1""></div><div class=""ql-tooltip ql-hidden""><a class=""ql-preview"" target=""_blank"" href=""about:blank""></a><input type=""text"" data-formula=""e=mc^2"" data-link=""https://quilljs.com"" data-video=""Embed URL""><a class=""ql-action""></a><a class=""ql-remove""></a></div>","Förvaras torrt och svalt.","<div class=""ql-editor"" data-gramm=""false"" contenteditable=""true""><p>Livshem har ambitionen att alltid ge rätt produkt information. Förändringar i produktens innehåll kan ske över tid, kontrollera därför alltid före användning informationen på produktens förpackning.</p></div><div class=""ql-clipboard"" contenteditable=""true"" tabindex=""-1""></div><div class=""ql-tooltip ql-hidden""><a class=""ql-preview"" target=""_blank"" href=""about:blank""></a><input type=""text"" data-formula=""e=mc^2"" data-link=""https://quilljs.com"" data-video=""Embed URL""><a class=""ql-action""></a><a class=""ql-remove""></a></div>","","31,50","","533,90 kr/kg","","In Stock","59g","","Kryddor & smaksättare","Kryddor"
"461","https://livsham2.softwarebyte.co/assets/images/product_image/12377.jpg","Grillkrydda Chili","Skafferi","Lager","<div class=""ql-editor"" data-gramm=""false"" contenteditable=""true""><p><span style=""color: rgb(27, 37, 66);"">Grillkrydda chili passar bra till färsrätter, grillat kött och kyckling eller när du önskar att din mat ska smaka mexikanskt.</span></p></div><div class=""ql-clipboard"" contenteditable=""true"" tabindex=""-1""></div><div class=""ql-tooltip ql-hidden""><a class=""ql-preview"" target=""_blank"" href=""about:blank""></a><input type=""text"" data-formula=""e=mc^2"" data-link=""https://quilljs.com"" data-video=""Embed URL""><a class=""ql-action""></a><a class=""ql-remove""></a></div>","Sverige","Salt, lök (19%), chilipeppar (15%), paprika (12%), cayennepeppar, jästextrakt, svartpeppar, tomat, vitlök (1,6%), ingefära, spiskummin, SELLERIFRÖ, oregano, naturlig arom, klumpförebyggande medel (kiseldioxid).","<div class=""ql-editor"" data-gramm=""false"" contenteditable=""true""><p>Per 100 gram</p><p>Energi (kJ)/(kcal):&nbsp;853 / 204</p><p>Fett:&nbsp;4,6 g</p><p>- varav mättat fett:&nbsp;0,8 g</p><p>Kolhydrat:&nbsp;24,3 g</p><p>- varav sockerarter:&nbsp;6,4 g</p><p>Fiber:&nbsp;13,9 g</p><p>Protein:&nbsp;9,3 g</p><p>Salt:&nbsp;38,88 g</p></div><div class=""ql-clipboard"" contenteditable=""true"" tabindex=""-1""></div><div class=""ql-tooltip ql-hidden""><a class=""ql-preview"" target=""_blank"" href=""about:blank""></a><input type=""text"" data-formula=""e=mc^2"" data-link=""https://quilljs.com"" data-video=""Embed URL""><a class=""ql-action""></a><a class=""ql-remove""></a></div>","Förvaras torrt och svalt.","<div class=""ql-editor"" data-gramm=""false"" contenteditable=""true""><p>Livshem har ambitionen att alltid ge rätt produkt information. Förändringar i produktens innehåll kan ske över tid, kontrollera därför alltid före användning informationen på produktens förpackning.</p></div><div class=""ql-clipboard"" contenteditable=""true"" tabindex=""-1""></div><div class=""ql-tooltip ql-hidden""><a class=""ql-preview"" target=""_blank"" href=""about:blank""></a><input type=""text"" data-formula=""e=mc^2"" data-link=""https://quilljs.com"" data-video=""Embed URL""><a class=""ql-action""></a><a class=""ql-remove""></a></div>","","31,50","","375,00 kr/kg","","In Stock","84g","","Kryddor & smaksättare","Kryddor"
"462","https://livsham2.softwarebyte.co/assets/images/product_image/24816.jpg","Grillkrydda Chili Smokey","Skafferi","Lager","<div class=""ql-editor"" data-gramm=""false"" contenteditable=""true""><p><span style=""color: rgb(27, 37, 66);"">BBQ Spice Chili &amp; Smoky är en rökig och välbalanserad grillkrydda med influenser från USA. God att blanda i nötfärs till hamburgare, i kryddsmör på bakpotatis eller till grillade revben.</span></p></div><div class=""ql-clipboard"" contenteditable=""true"" tabindex=""-1""></div><div class=""ql-tooltip ql-hidden""><a class=""ql-preview"" target=""_blank"" href=""about:blank""></a><input type=""text"" data-formula=""e=mc^2"" data-link=""https://quilljs.com"" data-video=""Embed URL""><a class=""ql-action""></a><a class=""ql-remove""></a></div>","Sverige","Salt, lök (24%), paprika (17%), chilipeppar (7,3%), rökt paprika (5,0%), svartpeppar, jästextrakt, tomat, arom, ingefära, vitlök, spiskummin, SELLERIFRÖ, rökarom, cayennepeppar, oregano, klumpförebyggande medel (kiseldioxid).","<div class=""ql-editor"" data-gramm=""false"" contenteditable=""true""><p>Per 100 gram:</p><p>Energi (kJ)/(kcal):&nbsp;986 / 236</p><p>Fett:&nbsp;5,5 g</p><p>- varav mättat fett:&nbsp;0,9 g</p><p>Kolhydrat:&nbsp;28,1 g</p><p>- varav sockerarter:&nbsp;5,8 g</p><p>Fiber:&nbsp;15,6 g</p><p>Protein:&nbsp;10,6 g</p><p>Salt:&nbsp;30,19 g</p></div><div class=""ql-clipboard"" contenteditable=""true"" tabindex=""-1""></div><div class=""ql-tooltip ql-hidden""><a class=""ql-preview"" target=""_blank"" href=""about:blank""></a><input type=""text"" data-formula=""e=mc^2"" data-link=""https://quilljs.com"" data-video=""Embed URL""><a class=""ql-action""></a><a class=""ql-remove""></a></div>","Förvaras torrt och svalt.","<div class=""ql-editor"" data-gramm=""false"" contenteditable=""true""><p>Livshem har ambitionen att alltid ge rätt produkt information. Förändringar i produktens innehåll kan ske över tid, kontrollera därför alltid före användning informationen på produktens förpackning.</p></div><div class=""ql-clipboard"" contenteditable=""true"" tabindex=""-1""></div><div class=""ql-tooltip ql-hidden""><a class=""ql-preview"" target=""_blank"" href=""about:blank""></a><input type=""text"" data-formula=""e=mc^2"" data-link=""https://quilljs.com"" data-video=""Embed URL""><a class=""ql-action""></a><a class=""ql-remove""></a></div>","","31,50","","388,89 kr/kg","","In Stock","81g","","Kryddor & smaksättare","Kryddor"
"463","https://livsham2.softwarebyte.co/assets/images/product_image/22788.jpg","Chili mayo Chipotle","Skafferi","Lager","<div class=""ql-editor"" data-gramm=""false"" contenteditable=""true""><p><span style=""color: rgb(27, 37, 66);"">Chili Mayo är en härligt krämig sås med smak av chipotle chili och apelsin. God till hamburgare, kyckling, eller annat grillat kött. Men också god som dipp!</span></p></div><div class=""ql-clipboard"" contenteditable=""true"" tabindex=""-1""></div><div class=""ql-tooltip ql-hidden""><a class=""ql-preview"" target=""_blank"" href=""about:blank""></a><input type=""text"" data-formula=""e=mc^2"" data-link=""https://quilljs.com"" data-video=""Embed URL""><a class=""ql-action""></a><a class=""ql-remove""></a></div>","England","Rapsolja (antioxidationsmedel (E306)), vatten, chipotle chili (4,4%), tomatpuré, lök, socker, ättika, ÄGGULEPULVER, apelsinjuicekoncentrat, salt, modifierad majsstärkelse, vitlök, syra (citronsyra), förtjockningsmedel (E415), konserveringsmedel (E202, E211), korianderblad.","<div class=""ql-editor"" data-gramm=""false"" contenteditable=""true""><p>Per 100 gram:</p><p>Energi (kJ)/(kcal):&nbsp;1747 / 418</p><p>Fett:&nbsp;44,2 g</p><p>- varav mättat fett:&nbsp;3,2 g</p><p>Kolhydrat:&nbsp;5,2 g</p><p>- varav sockerarter:&nbsp;4,2 g</p><p>Fiber:&nbsp;1,0 g</p><p>Protein:&nbsp;0,9 g</p><p>Salt:&nbsp;1,20 g</p></div><div class=""ql-clipboard"" contenteditable=""true"" tabindex=""-1""></div><div class=""ql-tooltip ql-hidden""><a class=""ql-preview"" target=""_blank"" href=""about:blank""></a><input type=""text"" data-formula=""e=mc^2"" data-link=""https://quilljs.com"" data-video=""Embed URL""><a class=""ql-action""></a><a class=""ql-remove""></a></div>","Förvaras i rumstemperatur vid högst 25°C. Öppnad förpackning förvaras i kylskåp.","<div class=""ql-editor"" data-gramm=""false"" contenteditable=""true""><p>Livshem har ambitionen att alltid ge rätt produkt information. Förändringar i produktens innehåll kan ske över tid, kontrollera därför alltid före användning informationen på produktens förpackning.</p></div><div class=""ql-clipboard"" contenteditable=""true"" tabindex=""-1""></div><div class=""ql-tooltip ql-hidden""><a class=""ql-preview"" target=""_blank"" href=""about:blank""></a><input type=""text"" data-formula=""e=mc^2"" data-link=""https://quilljs.com"" data-video=""Embed URL""><a class=""ql-action""></a><a class=""ql-remove""></a></div>","","31,50","","112,50 kr/l","2","In Stock","280ml","","Kryddor & smaksättare","Chili"
"464","https://livsham2.softwarebyte.co/assets/images/product_image/10237.jpg","Sweet Chili Original","Skafferi","Lager","<div class=""ql-editor"" data-gramm=""false"" contenteditable=""true""><p><span style=""color: rgb(27, 37, 66);"">Sweet Chili Sauce Original är vår klassiska Sweet Chilisås. I Asien har Sweet Chili ketchupens roll; en sötstark sås som passar till allt!</span></p><p>Sweet Chili är ett bra sätt att snabbt få till en exotisk asiatisk touch på vilken måltid som helst. Såsen kan användas både som topping och som ingrediens i all slags matlagning. Såsen ger en fin balans av hetta och sötma till din mat.</p></div><div class=""ql-clipboard"" contenteditable=""true"" tabindex=""-1""></div><div class=""ql-tooltip ql-hidden""><a class=""ql-preview"" target=""_blank"" href=""about:blank""></a><input type=""text"" data-formula=""e=mc^2"" data-link=""https://quilljs.com"" data-video=""Embed URL""><a class=""ql-action""></a><a class=""ql-remove""></a></div>","Thailand","Socker, vatten, röd chilipeppar (12,5%), vitlök (6,5%), ättika, salt, modifierad majsstärkelse, förtjockningsmedel (E415), syra (citronsyra).","<div class=""ql-editor"" data-gramm=""false"" contenteditable=""true""><p>Per 100 gram:</p><p>Energi 746 kJ/178 kcal</p><p>Fett 0.2 g</p><p>-varav mättat fett 0 g</p><p>Kolhydrat 43 g</p><p>-varav sockerarter 40 g</p><p>Protein 0 g</p><p>Salt 2.8 g</p></div><div class=""ql-clipboard"" contenteditable=""true"" tabindex=""-1""></div><div class=""ql-tooltip ql-hidden""><a class=""ql-preview"" target=""_blank"" href=""about:blank""></a><input type=""text"" data-formula=""e=mc^2"" data-link=""https://quilljs.com"" data-video=""Embed URL""><a class=""ql-action""></a><a class=""ql-remove""></a></div>","Förvaras i rumstemperatur vid högst 25°C.","<div class=""ql-editor"" data-gramm=""false"" contenteditable=""true""><p>Livshem har ambitionen att alltid ge rätt produkt information. Förändringar i produktens innehåll kan ske över tid, kontrollera därför alltid före användning informationen på produktens förpackning.</p></div><div class=""ql-clipboard"" contenteditable=""true"" tabindex=""-1""></div><div class=""ql-tooltip ql-hidden""><a class=""ql-preview"" target=""_blank"" href=""about:blank""></a><input type=""text"" data-formula=""e=mc^2"" data-link=""https://quilljs.com"" data-video=""Embed URL""><a class=""ql-action""></a><a class=""ql-remove""></a></div>","1","29,50","40,00 kr/l","59,00 kr/l","","In Stock","500ml","40","Kryddor & smaksättare","Chili"
"465","https://livsham2.softwarebyte.co/assets/images/product_image/44521.jpg","Sweet Chili mindre socker","Skafferi","Lager","<div class=""ql-editor"" data-gramm=""false"" contenteditable=""true""><p><span style=""color: rgb(27, 37, 66);"">I Asien har Sweet Chili ketchupens roll; en sötstark sås som passar till allt! Nu med mindre socker.</span></p><p>Med Sweet Chili Less Sugar kan du fortfarande få din goda Sweet Chili men med 30 % mindre socker, jämfört med originalet. Passar bra för dig som vill dra ner på socker i maten.</p></div><div class=""ql-clipboard"" contenteditable=""true"" tabindex=""-1""></div><div class=""ql-tooltip ql-hidden""><a class=""ql-preview"" target=""_blank"" href=""about:blank""></a><input type=""text"" data-formula=""e=mc^2"" data-link=""https://quilljs.com"" data-video=""Embed URL""><a class=""ql-action""></a><a class=""ql-remove""></a></div>","Thailand","Vatten, socker, röd chilipeppar (12%), vitlök (6,5%), ättika, salt, modifierad majsstärkelse, förtjockningsmedel (E415), syra (citronsyra).","<div class=""ql-editor"" data-gramm=""false"" contenteditable=""true""><p>&nbsp;Per 100 gram:</p><p>Energi (kJ)/(kcal):&nbsp;569 / 136</p><p>Fett:&nbsp;0,5 g</p><p>- varav mättat fett:&nbsp;0,0 g</p><p>Kolhydrat:&nbsp;32,0 g</p><p>- varav sockerarter:&nbsp;28,0 g</p><p>Fiber:&nbsp;1,0 g</p><p>Protein:&nbsp;0,0 g</p><p>Salt:&nbsp;2,80 g</p></div><div class=""ql-clipboard"" contenteditable=""true"" tabindex=""-1""></div><div class=""ql-tooltip ql-hidden""><a class=""ql-preview"" target=""_blank"" href=""about:blank""></a><input type=""text"" data-formula=""e=mc^2"" data-link=""https://quilljs.com"" data-video=""Embed URL""><a class=""ql-action""></a><a class=""ql-remove""></a></div>","Förvaras i rumstemperatur vid högst 25°C.","<div class=""ql-editor"" data-gramm=""false"" contenteditable=""true""><p>Livshem har ambitionen att alltid ge rätt produkt information. Förändringar i produktens innehåll kan ske över tid, kontrollera därför alltid före användning informationen på produktens förpackning.</p></div><div class=""ql-clipboard"" contenteditable=""true"" tabindex=""-1""></div><div class=""ql-tooltip ql-hidden""><a class=""ql-preview"" target=""_blank"" href=""about:blank""></a><input type=""text"" data-formula=""e=mc^2"" data-link=""https://quilljs.com"" data-video=""Embed URL""><a class=""ql-action""></a><a class=""ql-remove""></a></div>","1","29,50","40","59,00 kr/l","","Out Of Stock","500ml","40","Kryddor & smaksättare","Chili"
"485","https://livsham2.softwarebyte.co/storage/assets/images/product_image/1690666584_banana.jpg","Banana Local 1-Dozen","Frukt & grönt","Lager","1 dozen banana","","","protine","cold","No","","10","","100Kr/Kg","","In Stock","100g","","Frukt",""
"486","https://livsham2.softwarebyte.co/assets/images/product_image/24816.jpg","test","Skafferi","Lager","<div class=""ql-editor"" data-gramm=""false"" contenteditable=""true""><p><span style=""color: rgb(27, 37, 66);"">Grillkrydda chili passar bra till f�rsr�tter, grillat k�tt och kyckling eller n�r du �nskar att din mat ska smaka mexikanskt.</span></p></div><div class=""ql-clipboard"" contenteditable=""true"" tabindex=""-1""></div><div class=""ql-tooltip ql-hidden""><a class=""ql-preview"" target=""_blank"" href=""about:blank""></a><input type=""text"" data-formula=""e=mc^2"" data-link=""https://quilljs.com"" data-video=""Embed URL""><a class=""ql-action""></a><a class=""ql-remove""></a></div>","","","<div class=""ql-editor"" data-gramm=""false"" contenteditable=""true""><p><strong>Per 100 gram</strong></p><p>Energi (kJ)/(kcal):&nbsp;853 / 204</p><p>Fett:&nbsp;4,6 g</p><p>- varav m�ttat fett:&nbsp;0,8 g</p><p>Kolhydrat:&nbsp;24,3 g</p><p>- varav sockerarter:&nbsp;6,4 g</p><p>Fiber:&nbsp;13,9 g</p><p>Protein:&nbsp;9,3 g</p><p>Salt:&nbsp;38,88 g</p></div><div class=""ql-clipboard"" contenteditable=""true"" tabindex=""-1""></div><div class=""ql-tooltip ql-hidden""><a class=""ql-preview"" target=""_blank"" href=""about:blank""></a><input type=""text"" data-formula=""e=mc^2"" data-link=""https://quilljs.com"" data-video=""Embed URL""><a class=""ql-action""></a><a class=""ql-remove""></a></div>","F�rvaras torrt och svalt.","<div class=""ql-editor"" data-gramm=""false"" contenteditable=""true""><p>Livshem har ambitionen att alltid ge r�tt produkt information. F�r�ndringar i produktens inneh�ll kan ske �ver tid, kontrollera d�rf�r alltid f�re anv�ndning informationen p� produktens f�rpackning.</p></div><div class=""ql-clipboard"" contenteditable=""true"" tabindex=""-1""></div><div class=""ql-tooltip ql-hidden""><a class=""ql-preview"" target=""_blank"" href=""about:blank""></a><input type=""text"" data-formula=""e=mc^2"" data-link=""https://quilljs.com"" data-video=""Embed URL""><a class=""ql-action""></a><a class=""ql-remove""></a></div>","","20","","375,00 kr/kg","2","In Stock","84g","","Kryddor & smaks�ttare","Kryddor"
